<?xml version="1.0" encoding="UTF-8"?>
<!DOCTYPE html PUBLIC "-//W3C//DTD XHTML 1.0 Transitional//EN"
    "http://www.w3.org/TR/xhtml1/DTD/xhtml1-transitional.dtd">
<html xmlns="http://www.w3.org/1999/xhtml" xml:lang="en" lang="en">
 <head>
  <title>
</title>
<meta http-equiv="Content-Type" content="text/html;charset=utf-8" />
  <meta name='ocr-system' content='tesseract 3.04.00' />
  <meta name='ocr-capabilities' content='ocr_page ocr_carea ocr_par ocr_line ocrx_word'/>
</head>
<body>
  <div class='ocr_page' id='page_1' title='image "./operaquaesupers02ciceuoft/operaquaesupers02ciceuoft_0368.png"; bbox 0 0 1859 3069; ppageno 0'>
   <div class='ocr_carea' id='block_1_1' title="bbox 375 191 1331 233">
    <p class='ocr_par' dir='ltr' id='par_1_1' title="bbox 375 191 1331 233">
     <span class='ocr_line' id='line_1_1' title="bbox 375 191 1331 233; baseline 0 -1"><span class='ocrx_word' id='word_1_1' title='bbox 375 191 458 232; x_wconf 75' lang='lat'><strong>332</strong></span> <span class='ocrx_word' id='word_1_2' title='bbox 783 198 832 231; x_wconf 85' lang='lat' dir='ltr'><strong>M.</strong></span> <span class='ocrx_word' id='word_1_3' title='bbox 862 197 1039 233; x_wconf 80' lang='lat' dir='ltr'>TULLII</span> <span class='ocrx_word' id='word_1_4' title='bbox 1067 197 1331 233; x_wconf 77' lang='lat' dir='ltr'>CICERONIS</span> 
     </span>
    </p>
   </div>
   <div class='ocr_carea' id='block_1_2' title="bbox 295 277 1730 2743">
    <p class='ocr_par' dir='ltr' id='par_1_2' title="bbox 295 277 1730 2743">
     <span class='ocr_line' id='line_1_2' title="bbox 375 277 1730 334; baseline 0 -14"><span class='ocrx_word' id='word_1_5' title='bbox 375 280 518 334; x_wconf 81' lang='lat' dir='ltr'><strong>longa,</strong></span> <span class='ocrx_word' id='word_1_6' title='bbox 557 295 606 319; x_wconf 85' lang='lat' dir='ltr'><strong>ex</strong></span> <span class='ocrx_word' id='word_1_7' title='bbox 633 279 795 319; x_wconf 87' lang='lat' dir='ltr'><strong>duobus</strong></span> <span class='ocrx_word' id='word_1_8' title='bbox 822 278 931 318; x_wconf 88' lang='lat' dir='ltr'><strong>euim</strong></span> <span class='ocrx_word' id='word_1_9' title='bbox 957 277 1167 326; x_wconf 77' lang='lat' dir='ltr'><strong>versibus,</strong></span> <span class='ocrx_word' id='word_1_10' title='bbox 1205 277 1247 317; x_wconf 89' lang='lat' dir='ltr'><strong>id</strong></span> <span class='ocrx_word' id='word_1_11' title='bbox 1273 285 1353 325; x_wconf 87' lang='lat' dir='ltr'><strong>est,</strong></span> <span class='ocrx_word' id='word_1_12' title='bbox 1386 280 1600 328; x_wconf 83' lang='lat' dir='ltr'><strong>membris,</strong></span> <span class='ocrx_word' id='word_1_13' title='bbox 1638 295 1730 334; x_wconf 89' lang='lat' dir='ltr'><strong>per-</strong></span> 
     </span>
     <span class='ocr_line' id='line_1_3' title="bbox 375 338 1728 394; baseline -0.001 -12"><span class='ocrx_word' id='word_1_14' title='bbox 375 342 483 382; x_wconf 84' lang='lat' dir='ltr'><strong>fecta</strong></span> <span class='ocrx_word' id='word_1_15' title='bbox 510 339 823 394; x_wconf 74' lang='lat' dir='ltr'>comprehensio</span> <span class='ocrx_word' id='word_1_16' title='bbox 855 346 919 379; x_wconf 85' lang='lat' dir='ltr'><strong>est</strong></span> <span class='ocrx_word' id='word_1_17' title='bbox 950 347 990 378; x_wconf 89' lang='lat' dir='ltr'><strong>et</strong></span> <span class='ocrx_word' id='word_1_18' title='bbox 1015 338 1057 378; x_wconf 90' lang='lat' dir='ltr'><strong>in</strong></span> <span class='ocrx_word' id='word_1_19' title='bbox 1089 339 1297 393; x_wconf 83' lang='lat' dir='ltr'><strong>spondeos</strong></span> <span class='ocrx_word' id='word_1_20' title='bbox 1324 340 1451 389; x_wconf 83' lang='lat' dir='ltr'><strong>cadit3</strong></span> <span class='ocrx_word' id='word_1_21' title='bbox 1489 341 1511 362; x_wconf 72' lang='lat'><em>*</em></span> <span class='ocrx_word' id='word_1_22' title='bbox 1536 348 1577 382; x_wconf 88' lang='lat' dir='ltr'><strong>et</strong></span> <span class='ocrx_word' id='word_1_23' title='bbox 1602 340 1728 382; x_wconf 86' lang='lat' dir='ltr'><strong>Cras-</strong></span> 
     </span>
     <span class='ocr_line' id='line_1_4' title="bbox 376 399 1727 458; baseline 0 -15"><span class='ocrx_word' id='word_1_24' title='bbox 376 418 446 443; x_wconf 88' lang='lat' dir='ltr'><strong>sus</strong></span> <span class='ocrx_word' id='word_1_25' title='bbox 490 402 657 454; x_wconf 90' lang='lat' dir='ltr'><strong>quidem</strong></span> <span class='ocrx_word' id='word_1_26' title='bbox 694 401 753 440; x_wconf 86' lang='lat' dir='ltr'><strong>sie</strong></span> <span class='ocrx_word' id='word_1_27' title='bbox 788 400 1030 454; x_wconf 87' lang='lat' dir='ltr'><strong>plerumque</strong></span> <span class='ocrx_word' id='word_1_28' title='bbox 1073 399 1255 449; x_wconf 85' lang='lat' dir='ltr'><strong>dicebat,</strong></span> <span class='ocrx_word' id='word_1_29' title='bbox 1298 400 1422 453; x_wconf 88' lang='lat' dir='ltr'><strong>idque</strong></span> <span class='ocrx_word' id='word_1_30' title='bbox 1463 402 1552 456; x_wconf 87' lang='lat' dir='ltr'><strong>ipse</strong></span> <span class='ocrx_word' id='word_1_31' title='bbox 1595 417 1727 458; x_wconf 83' lang='lat' dir='ltr'><strong>genus</strong></span> 
     </span>
     <span class='ocr_line' id='line_1_5' title="bbox 307 462 1728 517; baseline -0.001 -11"><span class='ocrx_word' id='word_1_32' title='bbox 307 476 348 509; x_wconf 70' lang='lat'><strong>⁴37</strong></span> <span class='ocrx_word' id='word_1_33' title='bbox 377 464 538 505; x_wconf 88' lang='lat' dir='ltr'><strong>dicendi</strong></span> <span class='ocrx_word' id='word_1_34' title='bbox 565 463 744 503; x_wconf 80' lang='lat' dir='ltr'>maxime</span> <span class='ocrx_word' id='word_1_35' title='bbox 781 463 925 517; x_wconf 88' lang='lat' dir='ltr'><strong>probo.</strong></span> <span class='ocrx_word' id='word_1_36' title='bbox 988 462 1061 502; x_wconf 89' lang='lat' dir='ltr'><strong>sed</strong></span> <span class='ocrx_word' id='word_1_37' title='bbox 1087 476 1192 515; x_wconf 89' lang='lat' dir='ltr'><strong>quae</strong></span> <span class='ocrx_word' id='word_1_38' title='bbox 1230 463 1392 503; x_wconf 89' lang='lat' dir='ltr'><strong>incisim</strong></span> <span class='ocrx_word' id='word_1_39' title='bbox 1425 471 1494 504; x_wconf 86' lang='lat' dir='ltr'><strong>aut</strong></span> <span class='ocrx_word' id='word_1_40' title='bbox 1524 465 1728 505; x_wconf 87' lang='lat' dir='ltr'><strong>membra-</strong></span> 
     </span>
     <span class='ocr_line' id='line_1_6' title="bbox 375 524 1729 578; baseline -0.001 -11"><span class='ocrx_word' id='word_1_41' title='bbox 375 527 445 567; x_wconf 85' lang='lat' dir='ltr'><strong>tim</strong></span> <span class='ocrx_word' id='word_1_42' title='bbox 482 526 728 573; x_wconf 82' lang='lat' dir='ltr'><strong>efferuntur,</strong></span> <span class='ocrx_word' id='word_1_43' title='bbox 767 540 815 565; x_wconf 88' lang='lat' dir='ltr'><strong>ea</strong></span> <span class='ocrx_word' id='word_1_44' title='bbox 847 525 912 565; x_wconf 69' lang='lat' dir='ltr'><strong>vel</strong></span> <span class='ocrx_word' id='word_1_45' title='bbox 947 524 1160 578; x_wconf 72' lang='lat' dir='ltr'><strong>aptissime</strong></span> <span class='ocrx_word' id='word_1_46' title='bbox 1198 525 1345 566; x_wconf 87' lang='lat' dir='ltr'><strong>cadere</strong></span> <span class='ocrx_word' id='word_1_47' title='bbox 1382 526 1552 575; x_wconf 88' lang='lat' dir='ltr'><strong>debent,</strong></span> <span class='ocrx_word' id='word_1_48' title='bbox 1590 535 1635 566; x_wconf 89' lang='lat' dir='ltr'><strong>ut</strong></span> <span class='ocrx_word' id='word_1_49' title='bbox 1666 534 1729 568; x_wconf 88' lang='lat' dir='ltr'><strong>est</strong></span> 
     </span>
     <span class='ocr_line' id='line_1_7' title="bbox 374 586 1728 642; baseline 0 -14"><span class='ocrx_word' id='word_1_50' title='bbox 374 587 485 642; x_wconf 87' lang='lat' dir='ltr'><strong>apud</strong></span> <span class='ocrx_word' id='word_1_51' title='bbox 509 602 594 627; x_wconf 89' lang='lat' dir='ltr'><strong>me:</strong></span> <span class='ocrx_word' id='word_1_52' title='bbox 633 587 800 627; x_wconf 87' lang='lat' dir='ltr'><strong>‘domus</strong></span> <span class='ocrx_word' id='word_1_53' title='bbox 827 586 900 627; x_wconf 91' lang='lat' dir='ltr'><strong>tibi</strong></span> <span class='ocrx_word' id='word_1_54' title='bbox 933 587 1099 627; x_wconf 71' lang='lat' dir='ltr'><strong>deerat?</strong></span> <span class='ocrx_word' id='word_1_55' title='bbox 1137 594 1178 626; x_wconf 88' lang='lat' dir='ltr'><strong>at</strong></span> <span class='ocrx_word' id='word_1_56' title='bbox 1202 586 1400 628; x_wconf 79' lang='lat' dir='ltr'>habebas.</span> <span class='ocrx_word' id='word_1_57' title='bbox 1460 588 1636 642; x_wconf 87' lang='lat' dir='ltr'><strong>pecunia</strong></span> <span class='ocrx_word' id='word_1_58' title='bbox 1661 603 1728 628; x_wconf 89' lang='lat' dir='ltr'><strong>su-</strong></span> 
     </span>
     <span class='ocr_line' id='line_1_8' title="bbox 300 648 1726 704; baseline -0.001 -12"><span class='ocrx_word' id='word_1_59' title='bbox 300 669 348 692; x_wconf 64' lang='lat'><strong>2-24</strong></span> <span class='ocrx_word' id='word_1_60' title='bbox 373 650 568 704; x_wconf 72' lang='lat' dir='ltr'><strong>perabat?</strong></span> <span class='ocrx_word' id='word_1_61' title='bbox 606 657 647 689; x_wconf 85' lang='lat' dir='ltr'><strong>at</strong></span> <span class='ocrx_word' id='word_1_62' title='bbox 684 649 865 703; x_wconf 79' lang='lat' dir='ltr'><strong>egebas.&#39;</strong></span> <span class='ocrx_word' id='word_1_63' title='bbox 938 649 1041 689; x_wconf 79' lang='lat' dir='ltr'><strong>haee</strong></span> <span class='ocrx_word' id='word_1_64' title='bbox 1076 648 1205 689; x_wconf 89' lang='lat' dir='ltr'><strong>incise</strong></span> <span class='ocrx_word' id='word_1_65' title='bbox 1245 649 1354 689; x_wconf 90' lang='lat' dir='ltr'><strong>dicta</strong></span> <span class='ocrx_word' id='word_1_66' title='bbox 1390 657 1487 690; x_wconf 86' lang='lat' dir='ltr'><strong>sunt</strong></span> <span class='ocrx_word' id='word_1_67' title='bbox 1522 657 1726 702; x_wconf 84' lang='lat' dir='ltr'><strong>quattuor.</strong></span> 
     </span>
     <span class='ocr_line' id='line_1_9' title="bbox 374 710 1728 763; baseline 0 -11"><span class='ocrx_word' id='word_1_68' title='bbox 374 719 413 752; x_wconf 87' lang='lat' dir='ltr'><strong>at</strong></span> <span class='ocrx_word' id='word_1_69' title='bbox 440 711 702 751; x_wconf 79' lang='lat' dir='ltr'><strong>membratim</strong></span> <span class='ocrx_word' id='word_1_70' title='bbox 729 725 835 763; x_wconf 87' lang='lat' dir='ltr'><strong>quae</strong></span> <span class='ocrx_word' id='word_1_71' title='bbox 862 718 1091 763; x_wconf 87' lang='lat' dir='ltr'><strong>sequuntur</strong></span> <span class='ocrx_word' id='word_1_72' title='bbox 1122 710 1223 751; x_wconf 88' lang='lat' dir='ltr'><strong>duo:</strong></span> <span class='ocrx_word' id='word_1_73' title='bbox 1263 711 1488 752; x_wconf 84' lang='lat' dir='ltr'><strong>‘incurristi</strong></span> <span class='ocrx_word' id='word_1_74' title='bbox 1519 726 1661 752; x_wconf 87' lang='lat' dir='ltr'><strong>amens</strong></span> <span class='ocrx_word' id='word_1_75' title='bbox 1686 711 1728 752; x_wconf 91' lang='lat' dir='ltr'><strong>in</strong></span> 
     </span>
     <span class='ocr_line' id='line_1_10' title="bbox 372 772 1729 814; baseline -0.001 0"><span class='ocrx_word' id='word_1_76' title='bbox 372 773 605 814; x_wconf 83' lang='lat' dir='ltr'><strong>columnas:</strong></span> <span class='ocrx_word' id='word_1_77' title='bbox 642 773 684 812; x_wconf 93' lang='lat' dir='ltr'><strong>in</strong></span> <span class='ocrx_word' id='word_1_78' title='bbox 721 773 877 813; x_wconf 89' lang='lat' dir='ltr'><strong>alienos</strong></span> <span class='ocrx_word' id='word_1_79' title='bbox 914 772 1085 812; x_wconf 87' lang='lat' dir='ltr'><strong>insanus</strong></span> <span class='ocrx_word' id='word_1_80' title='bbox 1123 772 1339 813; x_wconf 87' lang='lat' dir='ltr'><strong>insanisti.’</strong></span> <span class='ocrx_word' id='word_1_81' title='bbox 1407 772 1554 813; x_wconf 89' lang='lat' dir='ltr'><strong>deinde</strong></span> <span class='ocrx_word' id='word_1_82' title='bbox 1591 773 1729 814; x_wconf 90' lang='lat' dir='ltr'><strong>omnia</strong></span> 
     </span>
     <span class='ocr_line' id='line_1_11' title="bbox 373 834 1728 889; baseline 0.001 -15"><span class='ocrx_word' id='word_1_83' title='bbox 373 845 584 887; x_wconf 86' lang='lat' dir='ltr'><strong>tamquam</strong></span> <span class='ocrx_word' id='word_1_84' title='bbox 633 835 841 889; x_wconf 83' lang='lat' dir='ltr'><strong>crepidine</strong></span> <span class='ocrx_word' id='word_1_85' title='bbox 890 835 1069 887; x_wconf 85' lang='lat' dir='ltr'><strong>quadam</strong></span> <span class='ocrx_word' id='word_1_86' title='bbox 1118 834 1488 889; x_wconf 77' lang='lat' dir='ltr'><strong>comprehensione</strong></span> <span class='ocrx_word' id='word_1_87' title='bbox 1542 835 1728 889; x_wconf 77' lang='lat' dir='ltr'><strong>longiore</strong></span> 
     </span>
     <span class='ocr_line' id='line_1_12' title="bbox 372 896 1728 951; baseline 0.001 -15"><span class='ocrx_word' id='word_1_88' title='bbox 372 896 646 937; x_wconf 77' lang='lat' dir='ltr'><strong>sustinentur:</strong></span> <span class='ocrx_word' id='word_1_89' title='bbox 686 897 966 950; x_wconf 83' lang='lat' dir='ltr'><strong>‘depressam‚</strong></span> <span class='ocrx_word' id='word_1_90' title='bbox 999 911 1184 941; x_wconf 85' lang='lat' dir='ltr'><strong>caecam,</strong></span> <span class='ocrx_word' id='word_1_91' title='bbox 1216 896 1418 936; x_wconf 87' lang='lat' dir='ltr'><strong>iacentem</strong></span> <span class='ocrx_word' id='word_1_92' title='bbox 1445 897 1612 937; x_wconf 86' lang='lat' dir='ltr'><strong>domum</strong></span> <span class='ocrx_word' id='word_1_93' title='bbox 1637 897 1728 951; x_wconf 89' lang='lat' dir='ltr'><strong>plu-</strong></span> 
     </span>
     <span class='ocr_line' id='line_1_13' title="bbox 370 958 1726 1011; baseline 0.001 -13"><span class='ocrx_word' id='word_1_94' title='bbox 370 959 425 999; x_wconf 89' lang='lat' dir='ltr'><strong>ris</strong></span> <span class='ocrx_word' id='word_1_95' title='bbox 452 973 576 1011; x_wconf 88' lang='lat' dir='ltr'><strong>quam</strong></span> <span class='ocrx_word' id='word_1_96' title='bbox 602 966 640 998; x_wconf 90' lang='lat' dir='ltr'><strong>te</strong></span> <span class='ocrx_word' id='word_1_97' title='bbox 667 967 707 998; x_wconf 80' lang='lat' dir='ltr'><strong>et</strong></span> <span class='ocrx_word' id='word_1_98' title='bbox 732 958 918 998; x_wconf 83' lang='lat' dir='ltr'><strong>fortunas</strong></span> <span class='ocrx_word' id='word_1_99' title='bbox 939 966 1030 998; x_wconf 89' lang='lat' dir='ltr'><strong>tuas</strong></span> <span class='ocrx_word' id='word_1_100' title='bbox 1053 958 1306 999; x_wconf 87' lang='lat' dir='ltr'><strong>aestimasti.’</strong></span> <span class='ocrx_word' id='word_1_101' title='bbox 1357 959 1550 999; x_wconf 82' lang='lat' dir='ltr'><strong>dichoreo</strong></span> <span class='ocrx_word' id='word_1_102' title='bbox 1575 959 1726 1000; x_wconf 84' lang='lat' dir='ltr'><strong>finitur.</strong></span> 
     </span>
     <span class='ocr_line' id='line_1_14' title="bbox 372 1019 1728 1074; baseline 0.001 -13"><span class='ocrx_word' id='word_1_103' title='bbox 372 1028 413 1061; x_wconf 82' lang='lat' dir='ltr'><strong>at</strong></span> <span class='ocrx_word' id='word_1_104' title='bbox 449 1020 688 1074; x_wconf 87' lang='lat' dir='ltr'><strong>dispondeis</strong></span> <span class='ocrx_word' id='word_1_105' title='bbox 727 1019 962 1074; x_wconf 90' lang='lat' dir='ltr'><strong>proximum</strong></span> <span class='ocrx_word' id='word_1_106' title='bbox 998 1020 1112 1061; x_wconf 92' lang='lat' dir='ltr'><strong>illud.</strong></span> <span class='ocrx_word' id='word_1_107' title='bbox 1172 1036 1269 1060; x_wconf 88' lang='lat' dir='ltr'><strong>nam</strong></span> <span class='ocrx_word' id='word_1_108' title='bbox 1305 1020 1347 1060; x_wconf 87' lang='lat' dir='ltr'><strong>in</strong></span> <span class='ocrx_word' id='word_1_109' title='bbox 1379 1020 1458 1069; x_wconf 89' lang='lat' dir='ltr'><strong>eis,</strong></span> <span class='ocrx_word' id='word_1_110' title='bbox 1497 1021 1645 1073; x_wconf 85' lang='lat' dir='ltr'><strong>quibus</strong></span> <span class='ocrx_word' id='word_1_111' title='bbox 1682 1029 1728 1062; x_wconf 84' lang='lat' dir='ltr'><strong>ut</strong></span> 
     </span>
     <span class='ocr_line' id='line_1_15' title="bbox 369 1081 1727 1137; baseline 0.001 -16"><span class='ocrx_word' id='word_1_112' title='bbox 369 1081 634 1136; x_wconf 77' lang='lat' dir='ltr'><strong>pugiunculis</strong></span> <span class='ocrx_word' id='word_1_113' title='bbox 660 1081 719 1121; x_wconf 87' lang='lat' dir='ltr'><strong>uti</strong></span> <span class='ocrx_word' id='word_1_114' title='bbox 745 1089 924 1135; x_wconf 86' lang='lat' dir='ltr'><strong>oportet,</strong></span> <span class='ocrx_word' id='word_1_115' title='bbox 964 1082 1144 1122; x_wconf 83' lang='lat' dir='ltr'><strong>brevitas</strong></span> <span class='ocrx_word' id='word_1_116' title='bbox 1177 1082 1277 1122; x_wconf 78' lang='lat' dir='ltr'><strong>facit</strong></span> <span class='ocrx_word' id='word_1_117' title='bbox 1300 1082 1393 1136; x_wconf 88' lang='lat' dir='ltr'><strong>ipsa</strong></span> <span class='ocrx_word' id='word_1_118' title='bbox 1416 1082 1630 1123; x_wconf 84' lang='lat' dir='ltr'><strong>liberiores</strong></span> <span class='ocrx_word' id='word_1_119' title='bbox 1655 1098 1727 1137; x_wconf 89' lang='lat' dir='ltr'><strong>pe-</strong></span> 
     </span>
     <span class='ocr_line' id='line_1_16' title="bbox 371 1143 1725 1198; baseline 0.001 -15"><span class='ocrx_word' id='word_1_120' title='bbox 371 1144 457 1184; x_wconf 87' lang='lat' dir='ltr'><strong>des.</strong></span> <span class='ocrx_word' id='word_1_121' title='bbox 519 1158 643 1198; x_wconf 86' lang='lat' dir='ltr'><strong>saepe</strong></span> <span class='ocrx_word' id='word_1_122' title='bbox 670 1143 779 1184; x_wconf 89' lang='lat' dir='ltr'><strong>enim</strong></span> <span class='ocrx_word' id='word_1_123' title='bbox 805 1143 978 1197; x_wconf 80' lang='lat' dir='ltr'><strong>singulis</strong></span> <span class='ocrx_word' id='word_1_124' title='bbox 1004 1144 1203 1184; x_wconf 87' lang='lat' dir='ltr'><strong>utendum</strong></span> <span class='ocrx_word' id='word_1_125' title='bbox 1230 1152 1310 1192; x_wconf 88' lang='lat' dir='ltr'><strong>est,</strong></span> <span class='ocrx_word' id='word_1_126' title='bbox 1336 1144 1578 1198; x_wconf 90' lang='lat' dir='ltr'><strong>plerumque</strong></span> <span class='ocrx_word' id='word_1_127' title='bbox 1604 1144 1725 1193; x_wconf 89' lang='lat' dir='ltr'><strong>binis,</strong></span> 
     </span>
     <span class='ocr_line' id='line_1_17' title="bbox 370 1205 1727 1260; baseline 0 -15"><span class='ocrx_word' id='word_1_128' title='bbox 370 1213 410 1245; x_wconf 85' lang='lat' dir='ltr'><strong>et</strong></span> <span class='ocrx_word' id='word_1_129' title='bbox 440 1205 625 1258; x_wconf 86' lang='lat' dir='ltr'><strong>utrisque</strong></span> <span class='ocrx_word' id='word_1_130' title='bbox 657 1205 753 1245; x_wconf 88' lang='lat' dir='ltr'><strong>addi</strong></span> <span class='ocrx_word' id='word_1_131' title='bbox 790 1205 907 1260; x_wconf 85' lang='lat' dir='ltr'><strong>pedis</strong></span> <span class='ocrx_word' id='word_1_132' title='bbox 939 1220 1035 1259; x_wconf 87' lang='lat' dir='ltr'><strong>pars</strong></span> <span class='ocrx_word' id='word_1_133' title='bbox 1068 1213 1224 1260; x_wconf 82' lang='lat' dir='ltr'><strong>potest3</strong></span> <span class='ocrx_word' id='word_1_134' title='bbox 1262 1220 1346 1246; x_wconf 94' lang='lat' dir='ltr'><strong>non</strong></span> <span class='ocrx_word' id='word_1_135' title='bbox 1370 1206 1456 1245; x_wconf 86' lang='lat' dir='ltr'><strong>fere</strong></span> <span class='ocrx_word' id='word_1_136' title='bbox 1487 1206 1614 1245; x_wconf 85' lang='lat' dir='ltr'><strong>ternis</strong></span> <span class='ocrx_word' id='word_1_137' title='bbox 1641 1222 1727 1246; x_wconf 88' lang='lat' dir='ltr'><strong>am-</strong></span> 
     </span>
     <span class='ocr_line' id='line_1_18' title="bbox 296 1267 1726 1321; baseline 0 -13"><span class='ocrx_word' id='word_1_138' title='bbox 296 1285 344 1309; x_wconf 73' lang='lat'><strong>·225</strong></span> <span class='ocrx_word' id='word_1_139' title='bbox 369 1267 490 1321; x_wconf 89' lang='lat' dir='ltr'><strong>plius.</strong></span> <span class='ocrx_word' id='word_1_140' title='bbox 550 1267 714 1307; x_wconf 89' lang='lat' dir='ltr'><strong>incisim</strong></span> <span class='ocrx_word' id='word_1_141' title='bbox 751 1275 888 1307; x_wconf 90' lang='lat' dir='ltr'><strong>autem</strong></span> <span class='ocrx_word' id='word_1_142' title='bbox 928 1276 969 1308; x_wconf 85' lang='lat' dir='ltr'><strong>et</strong></span> <span class='ocrx_word' id='word_1_143' title='bbox 1004 1267 1264 1308; x_wconf 87' lang='lat' dir='ltr'><strong>membratim</strong></span> <span class='ocrx_word' id='word_1_144' title='bbox 1310 1274 1483 1308; x_wconf 84' lang='lat' dir='ltr'><strong>tractata</strong></span> <span class='ocrx_word' id='word_1_145' title='bbox 1519 1268 1647 1308; x_wconf 87' lang='lat' dir='ltr'><strong>oratio</strong></span> <span class='ocrx_word' id='word_1_146' title='bbox 1684 1268 1726 1308; x_wconf 90' lang='lat' dir='ltr'><strong>in</strong></span> 
     </span>
     <span class='ocr_line' id='line_1_19' title="bbox 369 1328 1726 1383; baseline 0.001 -14"><span class='ocrx_word' id='word_1_147' title='bbox 369 1329 477 1369; x_wconf 67' lang='lat' dir='ltr'><strong>veris</strong></span> <span class='ocrx_word' id='word_1_148' title='bbox 505 1328 640 1369; x_wconf 89' lang='lat' dir='ltr'><strong>causis</strong></span> <span class='ocrx_word' id='word_1_149' title='bbox 677 1329 901 1383; x_wconf 89' lang='lat' dir='ltr'><strong>plurimum</strong></span> <span class='ocrx_word' id='word_1_150' title='bbox 938 1329 1066 1377; x_wconf 77' lang='lat' dir='ltr'><strong>valet,</strong></span> <span class='ocrx_word' id='word_1_151' title='bbox 1104 1329 1365 1381; x_wconf 79' lang='lat' dir='ltr'><strong>maximeque</strong></span> <span class='ocrx_word' id='word_1_152' title='bbox 1391 1329 1450 1369; x_wconf 87' lang='lat' dir='ltr'><strong>cis</strong></span> <span class='ocrx_word' id='word_1_153' title='bbox 1476 1329 1595 1379; x_wconf 86' lang='lat' dir='ltr'><strong>locis,</strong></span> <span class='ocrx_word' id='word_1_154' title='bbox 1632 1344 1726 1371; x_wconf 88' lang='lat' dir='ltr'><strong>cum</strong></span> 
     </span>
     <span class='ocr_line' id='line_1_20' title="bbox 370 1390 1726 1444; baseline 0.001 -13"><span class='ocrx_word' id='word_1_155' title='bbox 370 1398 441 1431; x_wconf 88' lang='lat' dir='ltr'><strong>aut</strong></span> <span class='ocrx_word' id='word_1_156' title='bbox 465 1406 615 1444; x_wconf 64' lang='lat' dir='ltr'><strong>arguas</strong></span> <span class='ocrx_word' id='word_1_157' title='bbox 643 1400 712 1430; x_wconf 86' lang='lat' dir='ltr'><strong>aut</strong></span> <span class='ocrx_word' id='word_1_158' title='bbox 736 1391 923 1440; x_wconf 89' lang='lat' dir='ltr'><strong>refellas,</strong></span> <span class='ocrx_word' id='word_1_159' title='bbox 960 1398 1006 1430; x_wconf 83' lang='lat' dir='ltr'><strong>ut</strong></span> <span class='ocrx_word' id='word_1_160' title='bbox 1030 1398 1174 1431; x_wconf 85' lang='lat' dir='ltr'><strong>nostra</strong></span> <span class='ocrx_word' id='word_1_161' title='bbox 1197 1391 1240 1430; x_wconf 89' lang='lat' dir='ltr'><strong>in</strong></span> <span class='ocrx_word' id='word_1_162' title='bbox 1267 1390 1518 1432; x_wconf 86' lang='lat' dir='ltr'><strong>Corneliana</strong></span> <span class='ocrx_word' id='word_1_163' title='bbox 1543 1393 1726 1433; x_wconf 85' lang='lat' dir='ltr'><strong>secunda</strong></span> 
     </span>
     <span class='ocr_line' id='line_1_21' title="bbox 370 1452 1725 1508; baseline 0.001 -15"><span class='ocrx_word' id='word_1_164' title='bbox 370 1463 412 1493; x_wconf 75' lang='lat' dir='ltr'><strong>&#39;O</strong></span> <span class='ocrx_word' id='word_1_165' title='bbox 439 1452 609 1493; x_wconf 89' lang='lat' dir='ltr'><strong>callidos</strong></span> <span class='ocrx_word' id='word_1_166' title='bbox 636 1452 843 1501; x_wconf 83' lang='lat' dir='ltr'><strong>homines,</strong></span> <span class='ocrx_word' id='word_1_167' title='bbox 886 1467 910 1493; x_wconf 92' lang='lat' dir='ltr'><strong>o</strong></span> <span class='ocrx_word' id='word_1_168' title='bbox 936 1468 1024 1493; x_wconf 87' lang='lat' dir='ltr'><strong>rem</strong></span> <span class='ocrx_word' id='word_1_169' title='bbox 1059 1453 1355 1507; x_wconf 81' lang='lat' dir='ltr'><strong>excogitatam,</strong></span> <span class='ocrx_word' id='word_1_170' title='bbox 1399 1468 1423 1494; x_wconf 94' lang='lat' dir='ltr'><strong>o</strong></span> <span class='ocrx_word' id='word_1_171' title='bbox 1448 1453 1615 1508; x_wconf 81' lang='lat' dir='ltr'><strong>ingenia</strong></span> <span class='ocrx_word' id='word_1_172' title='bbox 1640 1470 1725 1495; x_wconf 90' lang='lat' dir='ltr'><strong>me-</strong></span> 
     </span>
     <span class='ocr_line' id='line_1_22' title="bbox 369 1514 1722 1566; baseline 0.001 -11"><span class='ocrx_word' id='word_1_173' title='bbox 369 1514 538 1555; x_wconf 74' lang='lat' dir='ltr'><strong>tuenda!</strong></span> <span class='ocrx_word' id='word_1_174' title='bbox 551 1514 558 1529; x_wconf 75' lang='lat'><strong>⁹</strong></span> <span class='ocrx_word' id='word_1_175' title='bbox 604 1514 864 1555; x_wconf 86' lang='lat' dir='ltr'><strong>membratim</strong></span> <span class='ocrx_word' id='word_1_176' title='bbox 901 1515 1054 1564; x_wconf 85' lang='lat' dir='ltr'><strong>adhuc,</strong></span> <span class='ocrx_word' id='word_1_177' title='bbox 1093 1515 1242 1556; x_wconf 85' lang='lat' dir='ltr'><strong>deinde</strong></span> <span class='ocrx_word' id='word_1_178' title='bbox 1281 1515 1453 1564; x_wconf 86' lang='lat' dir='ltr'><strong>caesim,</strong></span> <span class='ocrx_word' id='word_1_179' title='bbox 1497 1516 1722 1566; x_wconf 83' lang='lat' dir='ltr'><strong>‘dixi1nus,’</strong></span> 
     </span>
     <span class='ocr_line' id='line_1_23' title="bbox 367 1576 1724 1619; baseline 0.003 -4"><span class='ocrx_word' id='word_1_180' title='bbox 367 1591 509 1616; x_wconf 88' lang='lat' dir='ltr'><strong>rursus</strong></span> <span class='ocrx_word' id='word_1_181' title='bbox 547 1576 826 1617; x_wconf 85' lang='lat' dir='ltr'><strong>membratim:</strong></span> <span class='ocrx_word' id='word_1_182' title='bbox 866 1577 1001 1617; x_wconf 89' lang='lat' dir='ltr'><strong>‘testis</strong></span> <span class='ocrx_word' id='word_1_183' title='bbox 1036 1577 1133 1618; x_wconf 83' lang='lat' dir='ltr'><strong>darc</strong></span> <span class='ocrx_word' id='word_1_184' title='bbox 1167 1577 1383 1619; x_wconf 55' lang='lat' dir='ltr'><strong>volumus?</strong></span> <span class='ocrx_word' id='word_1_185' title='bbox 1445 1586 1629 1618; x_wconf 86' lang='lat' dir='ltr'><strong>extrema</strong></span> <span class='ocrx_word' id='word_1_186' title='bbox 1661 1594 1724 1619; x_wconf 88' lang='lat' dir='ltr'><strong>sc-</strong></span> 
     </span>
     <span class='ocr_line' id='line_1_24' title="bbox 369 1638 1724 1692; baseline 0.003 -15"><span class='ocrx_word' id='word_1_187' title='bbox 369 1638 504 1691; x_wconf 87' lang='lat' dir='ltr'><strong>quitur</strong></span> <span class='ocrx_word' id='word_1_188' title='bbox 531 1638 864 1692; x_wconf 87' lang='lat' dir='ltr'><strong>comprehensio,</strong></span> <span class='ocrx_word' id='word_1_189' title='bbox 903 1639 977 1679; x_wconf 87' lang='lat' dir='ltr'><strong>sed</strong></span> <span class='ocrx_word' id='word_1_190' title='bbox 1003 1654 1053 1678; x_wconf 88' lang='lat' dir='ltr'><strong>ex</strong></span> <span class='ocrx_word' id='word_1_191' title='bbox 1080 1639 1242 1680; x_wconf 88' lang='lat' dir='ltr'><strong>duobus</strong></span> <span class='ocrx_word' id='word_1_192' title='bbox 1281 1639 1498 1688; x_wconf 87' lang='lat' dir='ltr'><strong>membris,</strong></span> <span class='ocrx_word' id='word_1_193' title='bbox 1536 1654 1617 1692; x_wconf 86' lang='lat' dir='ltr'><strong>qua</strong></span> <span class='ocrx_word' id='word_1_194' title='bbox 1641 1656 1724 1681; x_wconf 92' lang='lat' dir='ltr'><strong>non</strong></span> 
     </span>
     <span class='ocr_line' id='line_1_25' title="bbox 367 1701 1724 1755; baseline 0.001 -14"><span class='ocrx_word' id='word_1_195' title='bbox 367 1709 505 1755; x_wconf 86' lang='lat' dir='ltr'><strong>potest</strong></span> <span class='ocrx_word' id='word_1_196' title='bbox 531 1716 622 1740; x_wconf 86' lang='lat' dir='ltr'><strong>esse</strong></span> <span class='ocrx_word' id='word_1_197' title='bbox 649 1701 830 1741; x_wconf 71' lang='lat' dir='ltr'><strong>brevior:</strong></span> <span class='ocrx_word' id='word_1_198' title='bbox 873 1705 1033 1753; x_wconf 82' lang='lat' dir='ltr'><strong>‘quem‚</strong></span> <span class='ocrx_word' id='word_1_199' title='bbox 1072 1716 1246 1753; x_wconf 83' lang='lat' dir='ltr'><strong>quaeso,</strong></span> <span class='ocrx_word' id='word_1_200' title='bbox 1283 1710 1470 1742; x_wconf 88' lang='lat' dir='ltr'><strong>nostrum</strong></span> <span class='ocrx_word' id='word_1_201' title='bbox 1496 1702 1641 1742; x_wconf 77' lang='lat' dir='ltr'><strong>fefellit</strong></span> <span class='ocrx_word' id='word_1_202' title='bbox 1667 1703 1724 1743; x_wconf 90' lang='lat' dir='ltr'><strong>ita</strong></span> 
     </span>
     <span class='ocr_line' id='line_1_26' title="bbox 295 1763 1723 1816; baseline 0.001 -13"><span class='ocrx_word' id='word_1_203' title='bbox 295 1779 343 1803; x_wconf 70' lang='lat'>2¹:36</span> <span class='ocrx_word' id='word_1_204' title='bbox 369 1778 443 1803; x_wconf 75' lang='lat' dir='ltr'><strong>vos</strong></span> <span class='ocrx_word' id='word_1_205' title='bbox 469 1778 562 1802; x_wconf 88' lang='lat' dir='ltr'><strong>esse</strong></span> <span class='ocrx_word' id='word_1_206' title='bbox 588 1763 814 1803; x_wconf 53' lang='lat' dir='ltr'><strong>facturos?</strong></span> <span class='ocrx_word' id='word_1_207' title='bbox 851 1777 928 1802; x_wconf 90' lang='lat' dir='ltr'><strong>nec</strong></span> <span class='ocrx_word' id='word_1_208' title='bbox 953 1763 1081 1802; x_wconf 88' lang='lat' dir='ltr'><strong>ullum</strong></span> <span class='ocrx_word' id='word_1_209' title='bbox 1107 1778 1240 1816; x_wconf 78' lang='lat' dir='ltr'><strong>genus</strong></span> <span class='ocrx_word' id='word_1_210' title='bbox 1268 1772 1331 1803; x_wconf 87' lang='lat' dir='ltr'><strong>est</strong></span> <span class='ocrx_word' id='word_1_211' title='bbox 1356 1764 1518 1804; x_wconf 88' lang='lat' dir='ltr'><strong>dicendi</strong></span> <span class='ocrx_word' id='word_1_212' title='bbox 1544 1773 1614 1804; x_wconf 84' lang='lat' dir='ltr'><strong>aut</strong></span> <span class='ocrx_word' id='word_1_213' title='bbox 1638 1780 1723 1805; x_wconf 90' lang='lat' dir='ltr'><strong>me-</strong></span> 
     </span>
     <span class='ocr_line' id='line_1_27' title="bbox 367 1824 1723 1876; baseline 0.002 -12"><span class='ocrx_word' id='word_1_214' title='bbox 367 1825 446 1864; x_wconf 86' lang='lat' dir='ltr'><strong>lius</strong></span> <span class='ocrx_word' id='word_1_215' title='bbox 474 1831 543 1864; x_wconf 85' lang='lat' dir='ltr'><strong>aut</strong></span> <span class='ocrx_word' id='word_1_216' title='bbox 568 1824 715 1864; x_wconf 83' lang='lat' dir='ltr'><strong>fortius</strong></span> <span class='ocrx_word' id='word_1_217' title='bbox 754 1838 876 1876; x_wconf 89' lang='lat' dir='ltr'><strong>quam</strong></span> <span class='ocrx_word' id='word_1_218' title='bbox 902 1824 1009 1864; x_wconf 89' lang='lat' dir='ltr'><strong>binis</strong></span> <span class='ocrx_word' id='word_1_219' title='bbox 1042 1834 1110 1864; x_wconf 89' lang='lat' dir='ltr'><strong>aut</strong></span> <span class='ocrx_word' id='word_1_220' title='bbox 1138 1825 1263 1865; x_wconf 86' lang='lat' dir='ltr'><strong>ternis</strong></span> <span class='ocrx_word' id='word_1_221' title='bbox 1295 1825 1416 1865; x_wconf 77' lang='lat' dir='ltr'><strong>ferire</strong></span> <span class='ocrx_word' id='word_1_222' title='bbox 1447 1826 1602 1874; x_wconf 61' lang='lat' dir='ltr'><strong>verbis,</strong></span> <span class='ocrx_word' id='word_1_223' title='bbox 1641 1842 1723 1867; x_wconf 88' lang='lat' dir='ltr'><strong>non</strong></span> 
     </span>
     <span class='ocr_line' id='line_1_28' title="bbox 366 1885 1721 1940; baseline 0.003 -15"><span class='ocrx_word' id='word_1_224' title='bbox 366 1900 591 1938; x_wconf 86' lang='lat' dir='ltr'><strong>numquam</strong></span> <span class='ocrx_word' id='word_1_225' title='bbox 618 1885 806 1940; x_wconf 77' lang='lat' dir='ltr'><strong>singulis,</strong></span> <span class='ocrx_word' id='word_1_226' title='bbox 833 1886 956 1940; x_wconf 86' lang='lat' dir='ltr'><strong>paulo</strong></span> <span class='ocrx_word' id='word_1_227' title='bbox 984 1886 1084 1926; x_wconf 81' lang='lat' dir='ltr'><strong>alias</strong></span> <span class='ocrx_word' id='word_1_228' title='bbox 1110 1887 1310 1940; x_wconf 81' lang='lat' dir='ltr'><strong>pluribus,</strong></span> <span class='ocrx_word' id='word_1_229' title='bbox 1338 1887 1442 1927; x_wconf 85' lang='lat' dir='ltr'><strong>inter</strong></span> <span class='ocrx_word' id='word_1_230' title='bbox 1468 1902 1572 1940; x_wconf 89' lang='lat' dir='ltr'><strong>quae</strong></span> <span class='ocrx_word' id='word_1_231' title='bbox 1599 1889 1721 1929; x_wconf 70' lang='lat' dir='ltr'><strong>variis</strong></span> 
     </span>
     <span class='ocr_line' id='line_1_29' title="bbox 368 1947 1722 2003; baseline 0.004 -17"><span class='ocrx_word' id='word_1_232' title='bbox 368 1947 562 1987; x_wconf 83' lang='lat' dir='ltr'><strong>clausulis</strong></span> <span class='ocrx_word' id='word_1_233' title='bbox 583 1947 804 2001; x_wconf 84' lang='lat' dir='ltr'><strong>interponit</strong></span> <span class='ocrx_word' id='word_1_234' title='bbox 826 1963 869 1988; x_wconf 90' lang='lat' dir='ltr'><strong>se</strong></span> <span class='ocrx_word' id='word_1_235' title='bbox 889 1964 981 1988; x_wconf 90' lang='lat' dir='ltr'><strong>raro</strong></span> <span class='ocrx_word' id='word_1_236' title='bbox 1002 1964 1223 1989; x_wconf 86' lang='lat' dir='ltr'><strong>numerosa</strong></span> <span class='ocrx_word' id='word_1_237' title='bbox 1244 1950 1576 2003; x_wconf 59' lang='lat' dir='ltr'><strong>comprehensim</strong></span> <span class='ocrx_word' id='word_1_238' title='bbox 1599 1966 1722 2003; x_wconf 87' lang='lat' dir='ltr'><strong>quam</strong></span> 
     </span>
     <span class='ocr_line' id='line_1_30' title="bbox 366 2009 1722 2067; baseline 0.003 -18"><span class='ocrx_word' id='word_1_239' title='bbox 366 2024 562 2063; x_wconf 79' lang='lat' dir='ltr'><strong>perverse</strong></span> <span class='ocrx_word' id='word_1_240' title='bbox 588 2009 753 2063; x_wconf 77' lang='lat' dir='ltr'><strong>fugiens</strong></span> <span class='ocrx_word' id='word_1_241' title='bbox 780 2009 1014 2063; x_wconf 77' lang='lat' dir='ltr'><strong>Hegesias,</strong></span> <span class='ocrx_word' id='word_1_242' title='bbox 1053 2010 1150 2050; x_wconf 86' lang='lat' dir='ltr'><strong>dum</strong></span> <span class='ocrx_word' id='word_1_243' title='bbox 1176 2010 1244 2050; x_wconf 90' lang='lat' dir='ltr'><strong>ille</strong></span> <span class='ocrx_word' id='word_1_244' title='bbox 1270 2026 1433 2064; x_wconf 87' lang='lat' dir='ltr'><strong>quoque</strong></span> <span class='ocrx_word' id='word_1_245' title='bbox 1460 2011 1608 2052; x_wconf 88' lang='lat' dir='ltr'><strong>imitari</strong></span> <span class='ocrx_word' id='word_1_246' title='bbox 1635 2014 1722 2067; x_wconf 69' lang='lat' dir='ltr'><strong>Ly-</strong></span> 
     </span>
     <span class='ocr_line' id='line_1_31' title="bbox 369 2071 1720 2125; baseline 0.004 -15"><span class='ocrx_word' id='word_1_247' title='bbox 369 2071 472 2111; x_wconf 87' lang='lat' dir='ltr'><strong>siam</strong></span> <span class='ocrx_word' id='word_1_248' title='bbox 504 2071 590 2111; x_wconf 77' lang='lat' dir='ltr'><strong>volt:</strong></span> <span class='ocrx_word' id='word_1_249' title='bbox 626 2072 800 2111; x_wconf 87' lang='lat' dir='ltr'><strong>alterum</strong></span> <span class='ocrx_word' id='word_1_250' title='bbox 834 2086 965 2125; x_wconf 85' lang='lat' dir='ltr'><strong>paene</strong></span> <span class='ocrx_word' id='word_1_251' title='bbox 995 2072 1346 2121; x_wconf 80' lang='lat' dir='ltr'><strong>Demosthenem,</strong></span> <span class='ocrx_word' id='word_1_252' title='bbox 1386 2073 1508 2114; x_wconf 82' lang='lat' dir='ltr'><strong>saltat</strong></span> <span class='ocrx_word' id='word_1_253' title='bbox 1536 2074 1720 2116; x_wconf 87' lang='lat' dir='ltr'><strong>incidens</strong></span> 
     </span>
     <span class='ocr_line' id='line_1_32' title="bbox 366 2133 1722 2191; baseline 0.003 -19"><span class='ocrx_word' id='word_1_254' title='bbox 366 2133 608 2186; x_wconf 84' lang='lat' dir='ltr'><strong>particulas3</strong></span> <span class='ocrx_word' id='word_1_255' title='bbox 652 2140 693 2173; x_wconf 83' lang='lat' dir='ltr'><strong>et</strong></span> <span class='ocrx_word' id='word_1_256' title='bbox 728 2133 762 2173; x_wconf 86' lang='lat' dir='ltr'><strong>is</strong></span> <span class='ocrx_word' id='word_1_257' title='bbox 801 2133 971 2186; x_wconf 87' lang='lat' dir='ltr'><strong>quidem</strong></span> <span class='ocrx_word' id='word_1_258' title='bbox 1012 2149 1096 2174; x_wconf 90' lang='lat' dir='ltr'><strong>non</strong></span> <span class='ocrx_word' id='word_1_259' title='bbox 1138 2134 1274 2175; x_wconf 88' lang='lat' dir='ltr'><strong>minus</strong></span> <span class='ocrx_word' id='word_1_260' title='bbox 1320 2136 1534 2176; x_wconf 88' lang='lat' dir='ltr'><strong>sententiis</strong></span> <span class='ocrx_word' id='word_1_261' title='bbox 1578 2145 1722 2191; x_wconf 87' lang='lat' dir='ltr'><strong>peccat</strong></span> 
     </span>
     <span class='ocr_line' id='line_1_33' title="bbox 368 2195 1720 2252; baseline 0.004 -19"><span class='ocrx_word' id='word_1_262' title='bbox 368 2209 492 2246; x_wconf 84' lang='lat' dir='ltr'><strong>quam</strong></span> <span class='ocrx_word' id='word_1_263' title='bbox 519 2195 676 2243; x_wconf 75' lang='lat' dir='ltr'><strong>verbis,</strong></span> <span class='ocrx_word' id='word_1_264' title='bbox 705 2203 751 2235; x_wconf 90' lang='lat' dir='ltr'><strong>ut</strong></span> <span class='ocrx_word' id='word_1_265' title='bbox 775 2210 858 2236; x_wconf 90' lang='lat' dir='ltr'><strong>non</strong></span> <span class='ocrx_word' id='word_1_266' title='bbox 879 2203 1051 2248; x_wconf 83' lang='lat' dir='ltr'><strong>quaerat</strong></span> <span class='ocrx_word' id='word_1_267' title='bbox 1077 2211 1199 2248; x_wconf 88' lang='lat' dir='ltr'><strong>quem</strong></span> <span class='ocrx_word' id='word_1_268' title='bbox 1225 2197 1403 2251; x_wconf 90' lang='lat' dir='ltr'><strong>appellet</strong></span> <span class='ocrx_word' id='word_1_269' title='bbox 1429 2197 1626 2252; x_wconf 87' lang='lat' dir='ltr'><strong>ineptum,</strong></span> <span class='ocrx_word' id='word_1_270' title='bbox 1653 2199 1720 2251; x_wconf 87' lang='lat' dir='ltr'><strong>qui</strong></span> 
     </span>
     <span class='ocr_line' id='line_1_34' title="bbox 366 2257 1721 2315; baseline 0.004 -19"><span class='ocrx_word' id='word_1_271' title='bbox 366 2257 481 2297; x_wconf 91' lang='lat' dir='ltr'><strong>illum</strong></span> <span class='ocrx_word' id='word_1_272' title='bbox 508 2258 759 2312; x_wconf 76' lang='lat' dir='ltr'><strong>cognoverit.</strong></span> <span class='ocrx_word' id='word_1_273' title='bbox 817 2259 891 2298; x_wconf 87' lang='lat' dir='ltr'><strong>sed</strong></span> <span class='ocrx_word' id='word_1_274' title='bbox 917 2273 994 2313; x_wconf 78' lang='lat' dir='ltr'><strong>ego</strong></span> <span class='ocrx_word' id='word_1_275' title='bbox 1020 2259 1091 2299; x_wconf 82' lang='lat' dir='ltr'><strong>illa</strong></span> <span class='ocrx_word' id='word_1_276' title='bbox 1117 2258 1261 2300; x_wconf 85' lang='lat' dir='ltr'><strong>Crassi</strong></span> <span class='ocrx_word' id='word_1_277' title='bbox 1288 2268 1328 2300; x_wconf 87' lang='lat' dir='ltr'><strong>et</strong></span> <span class='ocrx_word' id='word_1_278' title='bbox 1352 2268 1494 2300; x_wconf 87' lang='lat' dir='ltr'><strong>nostra</strong></span> <span class='ocrx_word' id='word_1_279' title='bbox 1517 2262 1650 2315; x_wconf 84' lang='lat' dir='ltr'><strong>posui,</strong></span> <span class='ocrx_word' id='word_1_280' title='bbox 1676 2272 1721 2302; x_wconf 86' lang='lat' dir='ltr'><strong>ut</strong></span> 
     </span>
     <span class='ocr_line' id='line_1_35' title="bbox 368 2319 1720 2374; baseline 0.004 -16"><span class='ocrx_word' id='word_1_281' title='bbox 368 2319 437 2371; x_wconf 90' lang='lat' dir='ltr'><strong>qui</strong></span> <span class='ocrx_word' id='word_1_282' title='bbox 461 2319 586 2359; x_wconf 85' lang='lat' dir='ltr'><strong>vellet</strong></span> <span class='ocrx_word' id='word_1_283' title='bbox 611 2319 778 2360; x_wconf 86' lang='lat' dir='ltr'><strong>auribus</strong></span> <span class='ocrx_word' id='word_1_284' title='bbox 810 2320 914 2374; x_wconf 88' lang='lat' dir='ltr'><strong>ipsis</strong></span> <span class='ocrx_word' id='word_1_285' title='bbox 947 2320 1047 2373; x_wconf 90' lang='lat' dir='ltr'><strong>quid</strong></span> <span class='ocrx_word' id='word_1_286' title='bbox 1082 2336 1351 2362; x_wconf 85' lang='lat' dir='ltr'><strong>numerosum</strong></span> <span class='ocrx_word' id='word_1_287' title='bbox 1382 2322 1505 2362; x_wconf 88' lang='lat' dir='ltr'><strong>ctiam</strong></span> <span class='ocrx_word' id='word_1_288' title='bbox 1536 2323 1578 2363; x_wconf 92' lang='lat' dir='ltr'><strong>in</strong></span> <span class='ocrx_word' id='word_1_289' title='bbox 1602 2323 1720 2363; x_wconf 88' lang='lat' dir='ltr'><strong>mini-</strong></span> 
     </span>
     <span class='ocr_line' id='line_1_36' title="bbox 367 2380 1279 2434; baseline 0.004 -15"><span class='ocrx_word' id='word_1_290' title='bbox 367 2380 443 2421; x_wconf 87' lang='lat' dir='ltr'><strong>mis</strong></span> <span class='ocrx_word' id='word_1_291' title='bbox 469 2380 680 2434; x_wconf 87' lang='lat' dir='ltr'><strong>particulis</strong></span> <span class='ocrx_word' id='word_1_292' title='bbox 707 2381 903 2422; x_wconf 87' lang='lat' dir='ltr'><strong>orationis</strong></span> <span class='ocrx_word' id='word_1_293' title='bbox 931 2384 1043 2422; x_wconf 75' lang='lat' dir='ltr'><strong>esset</strong></span> <span class='ocrx_word' id='word_1_294' title='bbox 1067 2382 1279 2424; x_wconf 86' lang='lat' dir='ltr'><strong>iudicaret.</strong></span> 
     </span>
     <span class='ocr_line' id='line_1_37' title="bbox 447 2442 1719 2499; baseline 0.003 -17"><span class='ocrx_word' id='word_1_295' title='bbox 447 2442 657 2493; x_wconf 79' lang='lat' dir='ltr'><strong>Quoniam</strong></span> <span class='ocrx_word' id='word_1_296' title='bbox 692 2443 811 2498; x_wconf 88' lang='lat' dir='ltr'><strong>plura</strong></span> <span class='ocrx_word' id='word_1_297' title='bbox 849 2443 899 2484; x_wconf 85' lang='lat' dir='ltr'><strong>de</strong></span> <span class='ocrx_word' id='word_1_298' title='bbox 925 2460 1147 2485; x_wconf 88' lang='lat' dir='ltr'><strong>numerosa</strong></span> <span class='ocrx_word' id='word_1_299' title='bbox 1171 2445 1354 2486; x_wconf 85' lang='lat' dir='ltr'><strong>oratione</strong></span> <span class='ocrx_word' id='word_1_300' title='bbox 1393 2445 1570 2487; x_wconf 82' lang='lat' dir='ltr'><strong>diximus</strong></span> <span class='ocrx_word' id='word_1_301' title='bbox 1597 2462 1719 2499; x_wconf 88' lang='lat' dir='ltr'><strong>quam</strong></span> 
     </span>
     <span class='ocr_line' id='line_1_38' title="bbox 368 2503 1718 2561; baseline 0.005 -20"><span class='ocrx_word' id='word_1_302' title='bbox 368 2503 584 2556; x_wconf 85' lang='lat' dir='ltr'><strong>quisquam</strong></span> <span class='ocrx_word' id='word_1_303' title='bbox 611 2514 704 2545; x_wconf 89' lang='lat' dir='ltr'><strong>ante</strong></span> <span class='ocrx_word' id='word_1_304' title='bbox 730 2520 826 2554; x_wconf 86' lang='lat' dir='ltr'><strong>nos,</strong></span> <span class='ocrx_word' id='word_1_305' title='bbox 866 2520 975 2545; x_wconf 90' lang='lat' dir='ltr'><strong>nunc</strong></span> <span class='ocrx_word' id='word_1_306' title='bbox 1001 2506 1051 2546; x_wconf 91' lang='lat' dir='ltr'><strong>de</strong></span> <span class='ocrx_word' id='word_1_307' title='bbox 1085 2506 1171 2547; x_wconf 89' lang='lat' dir='ltr'><strong>eius</strong></span> <span class='ocrx_word' id='word_1_308' title='bbox 1209 2508 1372 2561; x_wconf 84' lang='lat' dir='ltr'><strong>generis</strong></span> <span class='ocrx_word' id='word_1_309' title='bbox 1408 2508 1585 2548; x_wconf 87' lang='lat' dir='ltr'><strong>utilitate</strong></span> <span class='ocrx_word' id='word_1_310' title='bbox 1611 2509 1718 2549; x_wconf 88' lang='lat' dir='ltr'><strong>dice-</strong></span> 
     </span>
     <span class='ocr_line' id='line_1_39' title="bbox 296 2562 1718 2632; baseline 0.004 -28"><span class='ocrx_word' id='word_1_311' title='bbox 296 2562 344 2632; x_wconf 54' lang='grc' dir='ltr'><strong>ξξξ</strong></span> <span class='ocrx_word' id='word_1_312' title='bbox 369 2580 478 2614; x_wconf 81' lang='lat' dir='ltr'><strong>mus3</strong></span> <span class='ocrx_word' id='word_1_313' title='bbox 504 2566 605 2606; x_wconf 88' lang='lat' dir='ltr'><strong>nihil</strong></span> <span class='ocrx_word' id='word_1_314' title='bbox 624 2567 733 2607; x_wconf 87' lang='lat' dir='ltr'><strong>enim</strong></span> <span class='ocrx_word' id='word_1_315' title='bbox 758 2575 820 2608; x_wconf 88' lang='lat' dir='ltr'><strong>est</strong></span> <span class='ocrx_word' id='word_1_316' title='bbox 843 2567 966 2616; x_wconf 86' lang='lat' dir='ltr'><strong>aliud,</strong></span> <span class='ocrx_word' id='word_1_317' title='bbox 991 2568 1135 2616; x_wconf 86' lang='lat' dir='ltr'><strong>Brute,</strong></span> <span class='ocrx_word' id='word_1_318' title='bbox 1163 2570 1273 2621; x_wconf 89' lang='lat' dir='ltr'><strong>quod</strong></span> <span class='ocrx_word' id='word_1_319' title='bbox 1293 2570 1456 2622; x_wconf 88' lang='lat' dir='ltr'><strong>quidem</strong></span> <span class='ocrx_word' id='word_1_320' title='bbox 1484 2577 1527 2609; x_wconf 91' lang='lat' dir='ltr'><strong>tu</strong></span> <span class='ocrx_word' id='word_1_321' title='bbox 1552 2570 1718 2610; x_wconf 88' lang='lat' dir='ltr'><strong>minime</strong></span> 
     </span>
     <span class='ocr_line' id='line_1_40' title="bbox 296 2626 1716 2685; baseline 0.004 -20"><span class='ocrx_word' id='word_1_322' title='bbox 296 2626 325 2633; x_wconf 76' lang='grc'><strong>””</strong></span> <span class='ocrx_word' id='word_1_323' title='bbox 369 2628 549 2667; x_wconf 82' lang='lat' dir='ltr'><strong>omnium</strong></span> <span class='ocrx_word' id='word_1_324' title='bbox 587 2628 772 2682; x_wconf 72' lang='lat' dir='ltr'><strong>ignoras,</strong></span> <span class='ocrx_word' id='word_1_325' title='bbox 811 2629 952 2684; x_wconf 88' lang='lat' dir='ltr'><strong>pulcre</strong></span> <span class='ocrx_word' id='word_1_326' title='bbox 978 2637 1018 2669; x_wconf 87' lang='lat' dir='ltr'><strong>et</strong></span> <span class='ocrx_word' id='word_1_327' title='bbox 1055 2630 1230 2671; x_wconf 87' lang='lat' dir='ltr'><strong>oratorie</strong></span> <span class='ocrx_word' id='word_1_328' title='bbox 1267 2631 1401 2672; x_wconf 89' lang='lat' dir='ltr'><strong>dicere</strong></span> <span class='ocrx_word' id='word_1_329' title='bbox 1438 2631 1517 2671; x_wconf 89' lang='lat' dir='ltr'><strong>nisi</strong></span> <span class='ocrx_word' id='word_1_330' title='bbox 1553 2631 1716 2685; x_wconf 87' lang='lat' dir='ltr'><strong>optimis</strong></span> 
     </span>
     <span class='ocr_line' id='line_1_41' title="bbox 371 2689 1716 2743; baseline 0.004 -17"><span class='ocrx_word' id='word_1_331' title='bbox 371 2689 583 2729; x_wconf 82' lang='lat' dir='ltr'><strong>sententiis</strong></span> <span class='ocrx_word' id='word_1_332' title='bbox 622 2691 839 2743; x_wconf 77' lang='lat' dir='ltr'><strong>verbisque</strong></span> <span class='ocrx_word' id='word_1_333' title='bbox 878 2690 1113 2732; x_wconf 87' lang='lat' dir='ltr'><strong>lectissimis</strong></span> <span class='ocrx_word' id='word_1_334' title='bbox 1147 2692 1299 2742; x_wconf 83' lang='lat' dir='ltr'><strong>dicere3</strong></span> <span class='ocrx_word' id='word_1_335' title='bbox 1338 2701 1377 2734; x_wconf 88' lang='lat' dir='ltr'><strong>et</strong></span> <span class='ocrx_word' id='word_1_336' title='bbox 1407 2708 1483 2733; x_wconf 89' lang='lat' dir='ltr'><strong>nec</strong></span> <span class='ocrx_word' id='word_1_337' title='bbox 1515 2693 1716 2733; x_wconf 86' lang='lat' dir='ltr'><strong>sententia</strong></span> 
     </span>
    </p>
   </div>
  </div>
 </body>
</html>
