1859 3069
335 205 417 246 278
736 211 785 244 Μ.
812 208 991 244 TULLII
1016 208 1280 244 CICERONIS

333 292 480 347 sophia
504 291 701 333 deterruit
727 305 751 329 a
776 288 994 330 scribendo
1020 288 1247 342 amplitudo
1268 290 1468 339 Platonis,
1495 306 1570 332 1100
1596 291 1685 346 ipse

331 354 581 395 Aristoteles
620 349 852 392 admirabili
889 349 1068 402 quadam
1100 349 1271 390 seientia
1301 358 1342 391 et
1377 352 1494 405 copia
1531 360 1686 393 eetero-

287 426 308 459 2
332 431 423 456 rum
455 414 591 455 studia
624 411 835 460 restinxit3
873 425 949 451 nec
982 411 1116 451 solum
1148 411 1199 451 ab
1231 412 1396 466 optimis
1435 414 1578 454 studiis
1617 430 1686 455 ex-

333 477 527 517 eellentes
554 474 631 515 viri
663 472 846 513 deterriti
877 488 962 513 non
993 480 1107 521 sunt,
1147 473 1297 513 sedne
1322 473 1489 527 opifices
1523 476 1686 527 quidem

333 553 376 579 se
397 538 448 577 ab
470 536 625 576 artibus
654 534 740 575 suis
761 542 1038 582 removerunt,
1066 534 1134 587 qui
1156 542 1223 574 aut
1244 535 1385 588 Ialysi,
1407 550 1530 588 quem
1549 537 1686 577 Rhodi

331 598 528 646 vidimus,
565 611 648 638 non
672 603 898 650 potuerunt
922 603 993 636 aut
1019 594 1134 637 Coae
1159 596 1337 638 Veneris
1369 597 1687 651 pulcritudinem

330 659 479 700 imitari
488 675 499 708 3
525 672 603 699 1100
629 657 850 698 simulacro
870 657 984 698 Iovis
1007 657 1195 711 Olympii
1220 665 1291 698 aut
1310 658 1533 713 doryphori
1553 666 1689 700 statua

332 720 514 762 deterriti
539 720 685 774 reliqui
709 720 845 760 minus
879 720 1037 774 experti
1064 727 1160 760 sunt
1191 720 1290 773 quid
1321 720 1485 761 efficere
1511 728 1581 761 aut
1606 735 1686 774 quo

330 783 525 838 progredi
549 789 740 837 possent3
779 796 954 835 quorum
985 789 1100 822 tanta
1125 781 1343 823 multitudo
1376 782 1471 831 suit,
1508 789 1622 823 tanta
1646 782 1688 822 111

333 860 409 886 suo
435 844 636 897 cuiusque
661 858 816 899 genere
840 843 950 893 laus,
981 851 1044 893 nt,
1077 858 1171 884 cum
1197 859 1358 885 summa
1382 844 1595 894 miremur,
1626 844 1689 884 in-

292 925 307 949 c
332 906 483 948 seriora
518 914 657 947 tamen
693 906 932 960 probemus.
1004 905 1047 945 in
1083 905 1315 946 oratoribus
1353 920 1469 955 vcro,
1515 905 1687 947 Graecis

331 968 518 1021 quidem,
559 967 800 1008 admirabile
838 974 900 1008 est
938 974 1137 1020 quantum
1166 966 1273 1007 inter
1309 967 1442 1008 omnis
1478 982 1586 1008 unus
1618 981 1689 1008 cx-

332 1029 471 1070 cellat:
511 1043 558 1069 ae
584 1037 743 1078 tamen,
780 1043 874 1069 cum
905 1035 1017 1069 esset
1039 1028 1369 1078 Demosthenes,
1405 1028 1523 1068 multi
1554 1036 1688 1069 orato-

330 1105 396 1132 res
428 1090 569 1145 magni
601 1098 642 1132 et
673 1089 773 1131 clari
809 1090 976 1131 fuerunt
1007 1096 1047 1130 ct
1077 1097 1198 1131 antea
1233 1090 1397 1130 fuerant
1431 1104 1508 1131 1100
1543 1097 1689 1144 postca

331 1153 583 1194 defecerunt.
645 1167 728 1206 qua
761 1167 805 1193 re
841 1167 925 1194 non
956 1159 1020 1193 est
1055 1166 1127 1192 cur
1163 1166 1324 1201 eorum,
1363 1152 1432 1205 qui
1471 1166 1515 1192 se
1552 1151 1687 1192 studio

332 1214 592 1268 eloquentiae
630 1214 894 1263 dediderunt,
935 1229 1030 1269 spes
1067 1214 1315 1268 infringatur
1346 1220 1416 1254 aut
1446 1213 1689 1267 languescat

331 1276 554 1325 industria3
591 1292 689 1317 nam
724 1291 859 1329 neque
895 1275 998 1316 illud
1033 1275 1190 1330 ipsum,
1229 1274 1338 1329 quod
1374 1281 1438 1315 cst
1474 1274 1686 1328 optimum,

334 1338 640 1394 desperandum
671 1345 735 1379 cst
759 1338 866 1378 etin
898 1337 1205 1392 praestantibus
1242 1337 1366 1377 rebus
1403 1351 1557 1390 magna
1593 1342 1689 1376 sunt

293 1418 307 1442 7
336 1415 403 1450 ea,
442 1415 547 1454 quae
585 1407 681 1441 sunt
717 1399 884 1454 optimis
922 1399 1125 1453 proxima.
1186 1409 1308 1452 atque
1339 1413 1417 1453 ego
1447 1398 1491 1439 in
1527 1412 1687 1439 summo

332 1469 494 1503 oratore
519 1462 716 1517 fingendo
748 1461 873 1502 talem
902 1461 1154 1510 informabo,
1192 1460 1324 1513 qualis
1357 1461 1534 1501 fortasse
1565 1474 1687 1500 nemo

332 1523 407 1563 fuit
417 1540 427 1572 3
453 1539 536 1564 non
561 1524 670 1564 enim
695 1538 848 1576 quaero
874 1523 965 1577 quis
992 1522 1134 1573 fuerit,
1162 1523 1235 1563 sed
1261 1522 1360 1575 quid
1385 1521 1438 1563 sit
1461 1521 1580 1571 illud,
1606 1536 1686 1575 quo

331 1584 432 1625 nihil
470 1600 561 1626 esse
598 1585 731 1639 possit
767 1585 1065 1640 praestantius,
1104 1585 1216 1638 quod
1245 1584 1288 1624 in
1317 1584 1590 1639 perpetuitate
1628 1583 1688 1624 di-

332 1647 451 1688 cendi
483 1663 567 1689 non
604 1663 728 1702 saepe
766 1655 888 1700 atque
919 1648 1032 1688 haud
1063 1648 1147 1689 scio
1181 1663 1233 1688 an
1262 1662 1506 1700 numquam,
1542 1647 1585 1687 in
1616 1647 1688 1687 ali-

333 1724 414 1762 qua
439 1716 575 1750 autem
600 1717 716 1764 parte
743 1709 903 1749 eluceat
928 1709 1163 1761 aliquando,
1189 1709 1299 1749 idem
1325 1709 1435 1763 apud
1459 1709 1560 1750 alios
1588 1709 1687 1749 den-

291 1786 307 1810 8
333 1771 437 1820 51115,
464 1771 575 1826 apud
600 1771 701 1812 alios
727 1771 905 1812 fortasse
929 1771 1080 1820 rarius3
1109 1771 1183 1813 sed
1207 1786 1285 1825 ego
1312 1771 1371 1812 sic
1397 1778 1552 1820 statuo,
1583 1771 1685 1811 nihil

331 1847 424 1873 0550
454 1832 497 1872 111
526 1832 609 1873 11110
645 1847 796 1887 genere
833 1839 917 1873 tam
948 1833 1156 1887 pulcrum,
1194 1846 1274 1885 quo
1312 1848 1395 1873 non
1430 1832 1613 1887 pulcrius
1644 1832 1687 1872 id

333 1894 403 1943 sit,
440 1894 549 1934 unde
573 1894 676 1934 illud
699 1901 745 1934 ut
770 1909 821 1934 ex
846 1909 916 1935 ore
942 1894 1078 1947 aliquo
1105 1894 1224 1947 quasi
1248 1894 1386 1948 imago
1419 1894 1684 1948 exprimatur,

332 1956 444 2008 quod
472 1970 606 2009 neque
638 1956 765 1997 oculis
797 1971 931 2009 neque
963 1956 1129 1997 auribus
1167 1970 1300 2008 neque
1334 1956 1418 1996 ullo
1445 1971 1569 1996 sensu
1593 1971 1686 2010 per-

332 2017 413 2072 cipi
448 2025 605 2072 potest,
644 2018 894 2073 cogitatione
932 2025 1091 2059 tantum
1124 2025 1164 2059 et
1194 2026 1331 2058 mente
1363 2017 1684 2072 complectimur.

331 2079 469 2133 itaque
495 2088 535 2120 et
558 2080 734 2121 Phidiae
767 2080 1016 2129 simulacris,
1056 2080 1205 2133 quibus
1236 2079 1337 2120 nihil
1367 2079 1409 2119 in
1433 2079 1503 2119 illo
1534 2093 1686 2133 genere

331 2141 555 2196 perfectius
581 2142 791 2192 videmus,
819 2150 859 2183 et
884 2143 942 2183 eis
968 2142 1158 2197 picturis,
1192 2156 1294 2195 quas
1319 2140 1548 2190 nominavi,
1575 2141 1686 2195 cogi-

291 2222 307 2246 9
335 2212 420 2245 tare
446 2211 584 2244 tamen
608 2219 830 2259 possumus
851 2204 1056 2259 pulcriora
1064 2221 1075 2253 3
1100 2218 1177 2245 nee
1201 2219 1299 2245 vero
1324 2203 1392 2244 ille
1419 2202 1567 2243 artifex
1592 2217 1685 2243 cum

331 2265 487 2306 faceret
510 2266 624 2307 Iovis
656 2266 833 2307 formam
864 2274 934 2307 aut
956 2266 1195 2316 Minervae,
1232 2265 1588 2320 contemplabatur
1614 2264 1686 2304 ali—

333 2342 473 2380 quem,
506 2342 527 2369 e
553 2342 634 2381 quo
661 2328 973 2369 similitudinem
1004 2328 1190 2376 duceret,
1224 2328 1298 2368 sed
1327 2327 1457 2381 ipsius
1482 2326 1525 2366 in
1548 2334 1684 2367 mente

331 2389 538 2430 insidebat
574 2390 733 2444 species
770 2390 1058 2444 pulcritudinis
1101 2389 1252 2430 eximia
1296 2389 1516 2442 quaedam,
1562 2402 1685 2441 quam

332 2450 496 2491 intuens
522 2451 563 2491 in
589 2466 720 2505 eaque
747 2452 906 2492 defixus
934 2452 986 2492 ad
1010 2451 1120 2491 illius
1153 2450 1461 2491 similitudinem
1491 2457 1620 2490 artem
1645 2456 1685 2490 et

287 2520 309 2553 3
333 2527 501 2552 manum
537 2513 754 2568 dirigebat.
814 2520 859 2553 ut
883 2513 1009 2567 igitur
1038 2512 1080 2552 in
1111 2512 1254 2553 formis
1281 2520 1321 2553 et
1344 2512 1487 2567 figuris
1520 2518 1583 2552 051
1612 2510 1684 2551 1111-

334 2573 433 2624 quid
456 2574 684 2627 perfeetum
709 2582 750 2615 et
774 2574 1002 2623 excellens,
1035 2574 1151 2615 cuius
1177 2574 1230 2614 ad
1255 2573 1478 2628 cogitatam
1503 2572 1683 2628 speciem

337 2631 571 2688 [imitando]
610 2636 845 2677 referuntur
883 2651 951 2685 ea,
994 2650 1100 2688 quae
1137 2635 1214 2676 sub
1250 2635 1390 2676 oculos
1432 2635 1523 2690 ipsa
1561 2631 1679 2686 [non]

336 2694 500 2743 cadunt,
527 2696 585 2735 sie
608 2697 816 2749 perfectae
842 2697 1100 2750 eloquentiae
1121 2696 1301 2751 speciem
1326 2696 1461 2737 animo
1480 2694 1680 2742 videmus,
