1859 3069
534 205 600 240 DE
627 204 866 240 ORATORE
891 205 920 240 Ι.
944 204 1101 239 24-33.
1464 196 1487 237 7

145 304 268 344 quam
291 287 479 329 Platonis
511 288 695 329 oratione
726 287 924 337 crevisse,
963 294 1003 328 et
1027 286 1137 340 quod
1160 285 1228 327 ille
1259 285 1489 326 durissimis

143 352 318 408 pedibus
344 351 460 399 fecit,
486 357 531 390 ut
556 365 599 391 se
625 350 804 391 abiceret
827 349 870 390 in
895 349 1023 390 herba
1047 356 1167 402 atque
1192 349 1249 388 ita
1272 348 1360 397 illa,
1386 362 1490 401 quae

144 414 381 471 philosophi
406 413 601 454 divinitus
622 414 759 454 ferunt
783 428 876 454 esse
902 412 1022 462 dicta,
1047 412 1295 465 loqueretur,
1321 411 1364 451 id
1387 411 1489 451 meis

144 477 318 532 pedibus
345 484 453 517 certe
479 476 649 517 concedi
674 483 737 516 est
762 474 957 528 acquius.’
1008 482 1094 514 tum
1120 472 1321 515 Crassum
1346 472 1488 513 ‘immo
1508 491 1541 515 29

144 554 241 580 vero
274 538 528 579 commodius
560 537 719 587 etiam37
758 536 1032 592 pulvinosque
1061 535 1303 591 poposcisse
1335 543 1375 576 et
1405 550 1492 576 om-

144 601 207 642 nis
237 600 280 641 in
311 600 369 641 eis
408 600 595 649 sedibus,
632 614 737 653 quae
776 606 892 639 erant
923 599 999 639 sub
1029 598 1216 654 platano,
1253 597 1492 638 consedisse

150 661 367 717 [dicebat]

223 724 306 773 lbi,
344 732 389 764 ut
419 739 470 764 ex
500 723 673 778 pristino
707 738 896 764 sermone
932 723 1215 763 relaxarentur
1251 721 1375 763 animi
1406 736 1493 762 om-
1516 731 1537 765 8

145 786 277 834 nium,
316 786 475 827 solebat
507 784 632 825 Cotta
667 800 833 824 narrare
867 784 1068 825 Crassum
1105 799 1336 825 sermonem
1368 799 1495 837 quen-

146 848 240 888 dam
266 849 316 887 de
343 847 478 887 studio
504 846 668 886 dicendi
698 846 906 895 intulisse,
945 847 1013 899 qui
1040 861 1132 886 cum
1157 847 1214 887 ita
1239 854 1349 887 esset
1375 861 1493 887 exor-
1513 865 1546 889 30

145 925 233 949 sus:
277 924 360 949 non
399 908 476 948 sibi
513 908 812 948 cohortandum
851 907 1082 962 Sulpicium
1119 916 1160 949 et
1197 908 1382 957 Cottam,
1421 908 1495 949 sed

142 971 274 1025 magis
301 979 519 1023 utrumque
545 970 878 1011 conlaudandum
911 971 1058 1019 videri,
1097 971 1207 1023 quod
1232 978 1387 1011 tantam
1412 971 1494 1011 iam

144 1042 283 1074 essent
318 1033 556 1073 facultatem
588 1032 744 1087 adepti,
782 1040 827 1072 ut
856 1048 939 1073 non
970 1033 1210 1086 aequalibus
1244 1033 1328 1073 suis
1361 1033 1494 1073 solum

143 1103 508 1149 anteponerentur,
547 1095 621 1135 sed
646 1109 739 1135 cum
764 1094 989 1135 maioribus
1015 1101 1114 1134 natu
1140 1102 1493 1148 compararentur3

144 1162 296 1210 ‘neque
326 1172 424 1197 vero
461 1157 561 1197 mihi
597 1157 834 1210 quiequam’
872 1157 1006 1210 inquit
1042 1157 1349 1212 ‘praestabilius
1381 1157 1495 1197 vide-

142 1228 224 1269 tur,
252 1235 375 1273 quam
398 1235 523 1275 posse
550 1220 723 1260 dicendo
750 1228 889 1260 tencre
916 1219 1129 1260 hominum
1155 1227 1316 1268 coetus,
1342 1219 1493 1260 mentis

144 1282 339 1331 adlicere,
384 1283 617 1323 voluntates
655 1283 888 1338 impellere,
933 1297 1014 1336 quo
1050 1283 1168 1332 velit,
1210 1283 1320 1323 unde
1357 1290 1495 1323 autem

143 1345 261 1391 velit,
305 1345 528 1385 deducere:
571 1345 674 1385 haec
711 1360 794 1385 una
834 1360 900 1385 res
938 1345 980 1384 in
1017 1345 1129 1386 omni
1170 1345 1300 1385 libero
1342 1345 1495 1399 populo

142 1407 402 1459 maximeque
428 1406 469 1446 in
493 1407 651 1461 pacatis
677 1407 990 1460 tranquillisque
1016 1407 1249 1447 civitatibus
1275 1407 1495 1462 praecipue

145 1484 307 1523 semper
337 1469 475 1509 floruit
512 1484 756 1523 semperque
789 1469 1001 1510 dominata
1025 1476 1100 1510 est.
1161 1469 1260 1522 quid
1290 1469 1399 1510 enim
1431 1477 1494 1510 est
1512 1488 1541 1512 31

144 1540 214 1571 aut
246 1540 329 1571 tam
360 1532 618 1581 admirabile,
657 1547 780 1585 quam
806 1547 857 1572 ex
881 1532 1042 1572 infinita
1072 1531 1333 1572 multitudine
1364 1531 1496 1573 homi-

142 1608 241 1633 num
272 1593 470 1634 exsistere
506 1609 652 1643 unum,
691 1594 760 1647 qui
802 1594 863 1643 id,
901 1595 1012 1647 quod
1049 1594 1239 1634 omnibus
1271 1602 1418 1634 natura
1444 1594 1495 1635 sit

143 1656 302 1704 datum,
340 1655 406 1696 vel
433 1656 544 1697 solus
570 1656 636 1697 vel
668 1671 760 1696 cum
785 1656 928 1712 paucis
956 1657 1091 1696 faeere
1122 1655 1279 1711 possit?
1317 1664 1387 1696 aut
1412 1664 1496 1696 tam

141 1717 366 1758 iucundum
403 1718 570 1772 cognitu
602 1726 724 1772 atque
757 1718 919 1767 auditu,
958 1733 1081 1771 quam
1113 1717 1368 1772 sapientibus
1401 1733 1495 1758 sen-

143 1780 279 1820 tentiis
317 1780 596 1835 gravibusque
637 1781 773 1821 verbis
811 1788 957 1821 ornata
993 1780 1123 1821 oratio
1161 1788 1201 1821 et>
1235 1780 1388 1835 polita?
1427 1788 1497 1821 aut

142 1850 226 1882 tam
250 1850 396 1896 potens
424 1850 588 1896 tamque
614 1843 898 1898 magnifieum,
931 1858 1055 1896 quam
1079 1842 1221 1897 populi
1246 1850 1403 1891 motus,
1435 1842 1496 1882 iu-

143 1905 281 1945 dicum
305 1905 545 1959 religiones,
573 1914 741 1946 senatus
767 1906 1017 1960 gravitatem
1041 1906 1163 1945 unius
1190 1905 1373 1945 oratione
1400 1919 1496 1945 con-

142 1967 271 2007 verti?
308 1967 407 2020 quid
432 1975 515 2007 tam
545 1983 668 2022 porro
700 1969 880 2023 regium,
919 1976 1003 2007 tam
1028 1967 1215 2015 liberale,
1254 1974 1337 2006 tam
1362 1966 1496 2006 muni·
1514 1986 1546 2009 32

142 2028 284 2077 ficum,
323 2043 445 2081 quam
482 2044 602 2084 opem
637 2030 744 2070 ferre
770 2030 1047 2084 supplicibus,
1086 2029 1264 2069 excitare
1296 2028 1495 2077 adflicto&

144 2090 242 2129 dare
269 2090 455 2139 salutem,
480 2091 654 2132 liberare
679 2092 888 2146 periculis,
914 2092 1091 2132 retinere
1118 2090 1304 2131 homines
1329 2090 1372 2129 in
1397 2089 1496 2129 civi—

143 2153 250 2192 tate?
287 2152 385 2204 quid
409 2160 546 2192 autem
570 2161 654 2193 tam
679 2154 980 2202 necessarium,
1019 2168 1143 2206 quam
1168 2160 1307 2192 tenere
1334 2167 1496 2206 semper

143 2230 273 2260 arma,
324 2214 471 2267 quibus
520 2215 586 2255 vel
628 2223 759 2257 tectus
809 2217 899 2271 ipse
935 2231 1028 2256 esse
1065 2215 1201 2270 possis
1247 2214 1312 2255 vel
1347 2230 1496 2269 provo-

142 2291 234 2317 care
253 2281 273 2329 Τ
292 2277 474 2332 integros
500 2279 565 2318 vel
591 2286 630 2319 te
654 2280 797 2320 ulcisci
815 2280 1058 2321 lacessitus?
1084 2295 1160 2334 age
1186 2295 1296 2327 vero,
1323 2294 1374 2320 ne
1390 2294 1496 2320 sem-

141 2355 215 2394 per
250 2341 404 2389 t'orum,
443 2341 657 2389 subsellia,
702 2350 837 2382 rostra
873 2342 1109 2395 curiamque
1145 2342 1360 2389 meditere,
1398 2342 1496 2395 quid

142 2417 234 2442 csse
259 2409 396 2457 potest.
420 2402 461 2442 in
487 2403 569 2443 otio
596 2412 666 2443 aut
684 2403 904 2445 iucundius
932 2412 1002 2457 aut
1026 2404 1158 2458 magis
1184 2403 1395 2458 proprium
1420 2403 1495 2444 hu-

141 2464 367 2513 manitatis,
395 2480 519 2517 quam
544 2481 678 2505 sermo
706 2466 865 2506 facetus
894 2481 941 2506 ac
965 2466 1079 2506 nulla
1103 2466 1144 2505 in
1174 2480 1218 2505 re
1242 2465 1381 2505 rudis?
1417 2465 1494 2506 hoc

142 2526 251 2566 enim
280 2542 361 2567 uno
392 2535 652 2581 praestamus
684 2528 750 2568 vel
780 2528 960 2568 maxime
988 2527 1104 2576 feris,
1143 2527 1254 2580 quod
1284 2527 1494 2580 conloqui-

142 2604 233 2629 mur
258 2589 362 2629 inter
392 2605 467 2630 nos
495 2597 535 2630 et
572 2590 683 2643 quod
714 2590 944 2644 exprimere
982 2589 1156 2630 dicendo
1194 2604 1317 2630 sensa
1345 2604 1494 2644 possu-

142 2667 247 2692 mus.
296 2668 420 2706 quam
446 2653 498 2693 ob
524 2668 612 2692 rem
637 2652 727 2705 quis
749 2652 827 2693 hoc
846 2668 929 2693 non
953 2651 1040 2692 iure
1065 2651 1234 2692 miretur
1253 2665 1492 2704 summeque
1511 2668 1543 2693 33

143 2714 184 2754 in
208 2729 256 2755 eo
282 2715 577 2756 elaborandum
602 2730 694 2756 csse
721 2715 956 2765 arbitretur,
994 2722 1056 2765 ut,
1094 2729 1174 2768 quo
1200 2729 1281 2755 uno
1307 2714 1491 2756 homines
