1859 3069
586 164 789 202 BRUTUS
814 164 907 200 90—
916 164 970 198 97.
1385 152 1466 193 217

117 255 406 292 consectantur
436 263 589 303 genus,
627 246 813 287 accidere
838 261 922 287 non
953 243 1076 293 solet,
1112 249 1332 298 propterea
1357 242 1468 295 quod

115 311 332 367 prudentia
351 325 577 363 numquam
597 308 734 349 deficit
753 315 970 355 oratorem,
997 320 1078 359 qua
1095 305 1163 346 ille
1181 313 1301 345 utens
1322 304 1468 345 eodem

116 374 239 415 modo
264 372 397 428 possit
422 380 463 413 et
488 371 623 412 dicere
649 378 690 411 et
715 370 893 410 scribere
902 386 912 419 3
952 368 1072 409 ardor
1098 366 1223 408 animi
1252 381 1336 407 non
1361 380 1469 406 sem-

116 451 189 491 per
221 436 357 484 adest,
394 435 511 488 isque
549 448 643 473 cum
679 431 886 480 consedit,
923 429 1056 472 omnis
1091 429 1162 469 illa
1191 428 1254 469 vis
1280 435 1321 469 et
1351 427 1470 480 quasi

116 499 283 539 flamma
325 496 499 538 oratoris
543 494 832 549 exstinguitur.
903 493 1010 533 hanc
1052 491 1177 546 igitur
1213 491 1266 532 ob
1303 505 1470 530 causam

119 561 279 601 videtur
303 559 440 600 Laelii
466 574 582 599 mens
610 557 766 612 spirare
792 556 915 597 etiam
940 555 982 595 in
1008 554 1185 609 scriptis,
1213 552 1374 596 Galbae
1401 567 1473 594 au-

119 632 202 664 tem
227 622 289 663 vis
316 622 531 663 occidisse.

197 685 384 725 Fuerunt
409 683 533 724 etiam
558 681 600 721 in
626 688 836 722 oratorum
860 694 1032 720 numero
1057 677 1328 719 mediocrium
1351 677 1405 719 L.
1433 683 1474 718 et

121 746 194 801 Sp.
226 745 421 786 Mummii
452 744 621 792 fratres,
660 757 834 795 quorum
871 748 1036 782 exstant
1072 741 1288 781 amborum
1324 739 1474 781 oratio-

120 823 212 848 nes:
252 806 427 861 simplex
457 805 623 858 quidem
654 803 707 844 L.
740 810 781 843 et
812 803 1024 855 antiquus3
1064 801 1138 857 Sp.
1172 809 1310 842 autem
1346 801 1474 842 nihilo

119 869 187 910 ille
206 868 372 921 quidem
392 867 584 915 ornatior,
601 866 675 906 sed
695 872 833 906 tamen
857 864 1079 913 astrictior3
1100 863 1179 904 fuit
1198 863 1307 904 enim
1328 864 1473 904 doctus

121 946 172 971 cx
208 928 426 983 disciplina
463 927 711 969 Stoicorum.
771 926 925 967 multae
965 933 1059 966 sunt
1092 924 1165 979 Sp.
1201 925 1349 965 Albini
1385 940 1476 965 ora-

121 992 251 1032 tiones
260 1008 270 1040 3
299 998 394 1030 sunt
419 990 542 1030 etiam
567 989 620 1029 L.
648 996 688 1029 et
714 987 763 1030 C.
789 988 1057 1029 Aureliorum
1084 986 1344 1035 Orestarum,
1371 1000 1475 1038 quos

121 1054 256 1106 aliquo
288 1052 407 1093 video
438 1052 481 1092 in
510 1066 682 1091 numero
714 1058 924 1091 oratorum
954 1049 1096 1090 fuisse.
1154 1048 1206 1088 P.
1239 1047 1363 1088 etiam
1392 1048 1477 1088 Po-

120 1115 241 1170 pilius
279 1129 372 1154 cum
409 1113 510 1154 civis
549 1113 741 1168 egregius
780 1121 867 1152 tum
902 1127 987 1153 non
1022 1110 1246 1151 indisertus
1290 1110 1385 1159 fuit3
1425 1108 1475 1150 C.

121 1192 218 1218 vero
244 1176 351 1217 filius
379 1176 466 1216 eius
501 1176 678 1216 disertus
688 1192 698 1224 3
739 1174 953 1227 Gaiusque
978 1173 1213 1213 Tuditanus
1240 1186 1334 1212 cum
1365 1171 1477 1212 omni

122 1239 207 1279 vita
237 1247 359 1291 atque
392 1237 502 1277 victu
539 1237 726 1278 excultus
760 1244 881 1289 atque
919 1235 1124 1290 expolitus
1157 1242 1244 1275 tum
1275 1233 1363 1275 eius
1396 1234 1478 1274 ele-

123 1316 226 1354 gans
259 1307 322 1340 est
352 1299 539 1340 habitum
570 1299 765 1339 orationis
803 1313 934 1352 genus
945 1314 954 1346 ;
993 1297 1221 1349 eodemque
1252 1296 1295 1336 in
1325 1310 1478 1350 genere

124 1370 186 1403 est
217 1362 380 1402 habitus
413 1361 466 1410 is,
505 1360 574 1414 qui
603 1360 751 1400 iniuria
787 1367 956 1413 accepta
991 1359 1117 1413 fregit
1146 1359 1212 1398 Ti.
1241 1357 1479 1398 Gracchum

124 1424 333 1479 patientia,
361 1423 461 1464 civis
487 1422 529 1462 in
552 1422 676 1462 rebus
698 1421 863 1476 optimis
884 1420 1244 1461 constantissimus
1264 1419 1327 1459 M.
1349 1418 1480 1460 Octa-

125 1486 229 1526 vius.
296 1494 337 1526 at
372 1500 470 1526 vero
506 1484 569 1525 M.
607 1483 813 1524 Aemilius
850 1482 1059 1537 Lepidus,
1097 1482 1166 1534 qui
1202 1488 1266 1522 est
1299 1481 1480 1522 Porcina

126 1548 278 1597 dictus,
314 1547 470 1588 eisdem
495 1546 749 1601 temporibus
775 1545 861 1586 fere
887 1545 1036 1598 quibus
1064 1542 1218 1592 Galba,
1257 1543 1331 1584 sed
1355 1542 1479 1598 paulo

125 1610 257 1650 minor
281 1617 379 1650 natu
405 1619 445 1650 et
468 1624 656 1649 summus
690 1616 826 1649 orator
852 1615 915 1647 cst
945 1606 1109 1647 habitus
1136 1613 1177 1646 et
1206 1605 1301 1655 fuit,
1339 1614 1384 1645 ut
1409 1621 1481 1660 ap-

125 1680 242 1727 paret
273 1686 325 1712 ex
355 1670 628 1720 orationibus,
667 1670 841 1724 scriptor
872 1683 971 1710 sane
1007 1669 1155 1709 bonus.
1214 1667 1293 1708 hoe
1323 1667 1365 1708 in
1390 1683 1480 1708 ora-

126 1744 212 1776 tore
244 1734 397 1775 Latino
434 1733 612 1788 primum
648 1732 748 1772 mihi
784 1732 946 1772 videtur
983 1739 1023 1771 et
1053 1730 1199 1771 levitas
1238 1729 1480 1784 apparuisse

125 1798 195 1839 illa
215 1797 472 1839 Graecorum
496 1804 537 1837 et
562 1796 781 1837 verborum
807 1793 1121 1849 comprehensio
1147 1800 1187 1833 et
1210 1792 1293 1832 iam
1318 1791 1479 1840 artifex,

126 1868 172 1901 ut
195 1860 252 1900 ita
277 1860 429 1908 dicam,
464 1859 595 1899 stilus.
655 1858 764 1898 hunc
792 1857 974 1897 studiose
1002 1856 1082 1896 duo
1109 1854 1394 1895 adulescentes
1419 1853 1482 1893 in-

128 1921 406 1976 geniosissimi
432 1929 472 1962 et
495 1936 624 1976 prope
651 1919 844 1972 aequales
873 1917 919 1959 C.
942 1917 1080 1959 Carbo
1107 1924 1148 1958 et
1171 1916 1236 1957 Ti.
1265 1915 1481 1957 Gracchus

129 1983 270 2024 audire
298 1983 407 2023 soliti
432 1990 526 2023 sunt
535 1999 546 2031 ;
580 1983 630 2023 de
656 1982 805 2035 quihus
831 1981 913 2021 iani
939 1979 1102 2020 dicendi
1125 1979 1241 2019 locus
1268 1977 1361 2026 erit,
1389 1991 1483 2017 cum

130 2046 179 2086 de
218 2045 448 2086 senioribus
490 2059 624 2099 pauca
666 2044 821 2084 dixero.
894 2041 948 2094 Q.
986 2041 1096 2082 enim
1128 2037 1357 2094 Pompeius
1399 2054 1483 2080 non

130 2114 389 2161 contemptus
416 2114 552 2147 orator
577 2106 831 2161 temporibus
857 2105 936 2145 illis
963 2104 1059 2153 fuit,
1097 2102 1168 2157 qui
1200 2116 1383 2142 summos
1409 2101 1484 2142 ho-

130 2184 251 2210 nores
288 2169 411 2209 homo
447 2183 521 2223 per
559 2182 603 2209 se
643 2167 832 2222 cognitus
871 2167 959 2207 sine
1000 2166 1085 2206 ulla
1127 2162 1482 2206 commendatione

130 2231 332 2272 maiorum
369 2237 432 2271 est
469 2230 657 2284 adeptus.
725 2238 812 2269 tum
841 2229 896 2269 L.
929 2227 1103 2269 Cassius
1139 2226 1316 2267 multum
1349 2225 1483 2280 potuit

130 2309 212 2333 non
244 2292 495 2345 eloquentia,
534 2292 608 2332 sed
639 2291 812 2332 dicendo
849 2298 1006 2339 tamen3
1043 2289 1167 2330 homo
1193 2303 1276 2329 non
1305 2287 1484 2328 liberali-

131 2365 232 2404 tate,
269 2361 314 2395 ut
352 2354 438 2403 alii,
483 2354 558 2395 sed
592 2353 684 2408 ipsa
721 2353 886 2393 tristitia
921 2360 962 2393 et
999 2351 1216 2392 severitate
1252 2349 1482 2404 popularis;

132 2417 246 2457 euius
280 2416 448 2469 quidem
477 2416 562 2471 legi
598 2415 836 2456 tabellariae
866 2414 929 2455 M.
961 2413 1115 2454 Antius
1140 2412 1264 2453 Briso
1295 2411 1482 2452 tribunus

130 2479 262 2534 plebis
290 2478 360 2518 diu
385 2478 554 2527 restitit,
592 2477 655 2518 M.
682 2477 847 2531 Lepido
880 2476 1049 2517 consule
1076 2474 1295 2515 adjuvante
1305 2490 1314 2522 3
1353 2487 1483 2526 eaque

130 2556 195 2581 res
220 2541 270 2581 P.
297 2540 499 2581 Africano
531 2538 822 2594 vituperationi
854 2538 949 2586 fuit,
983 2537 1094 2591 quod
1124 2536 1210 2577 eius
1243 2535 1482 2576 auctoritate

132 2603 182 2643 de
215 2602 420 2644 sententia
455 2602 656 2643 deductus
687 2601 811 2641 Briso
844 2600 1078 2654 putabatur.
1139 2606 1227 2639 tum
1262 2598 1343 2639 duo
1375 2596 1483 2638 Cae-

131 2665 275 2720 piones
313 2664 487 2705 multum
525 2664 695 2705 clientes
733 2662 903 2704 consilio
941 2668 981 2703 et
1010 2661 1169 2716 lingua,
1211 2660 1305 2715 plus
1343 2666 1483 2701 aueto-

1501 509 1534 533 94

1497 687 1541 721 ἓξ),

1506 1066 1539 1091 95

1510 1685 1543 1710 OG

1512 2243 1544 2268 97
