1859 3069
320 635 352 657 cb

313 1417 354 1450 21

319 1464 350 1489 69

317 1870 349 1893 70

316 2547 348 2571 71

388 216 471 258 292
791 223 838 257 M.
867 222 1044 257 TULLu
1071 221 1336 257 elcssRoMs

387 306 498 360 quod
522 304 727 345 incitatius
754 303 909 343 seratur
934 309 975 342 et
1000 302 1238 343 clarissimis
1270 304 1489 344 verborum
1515 304 1735 344 luminibus

386 376 542 415 utatur,
580 366 716 421 potius
742 367 891 418 poema
916 363 1145 417 putandum
1171 377 1295 416 quam
1321 364 1570 405 comicorum
1598 370 1735 420 poeta-

386 446 495 478 rum3
523 427 633 483 apud
659 441 780 479 quos,
806 425 885 465 nisi
911 425 1023 478 quod
1048 425 1241 466 versiculi
1267 434 1382 475 sunt,
1413 427 1514 466 nihil
1539 440 1599 467 est
1628 428 1735 467 aliud

386 489 578 531 cotidiani
618 487 817 527 dissimile
857 487 1078 535 sermonis,
1121 502 1199 528 nec
1236 495 1373 528 tamen
1410 488 1452 528 id
1493 496 1556 528 est
1591 493 1735 543 poetae

384 551 632 598 maximum,
671 549 748 589 etsi
780 556 841 589 cst
874 563 922 589 eo
959 549 1222 598 laudabilior,
1260 550 1370 602 quod
1406 550 1577 589 virtutes
1603 560 1737 590 orato-

386 615 441 654 ris
484 611 765 668 persequitur,
810 625 903 651 cum
946 626 1070 651 versu
1108 611 1160 651 sit
1203 611 1425 653 astrictior:
1468 626 1545 666 ego
1588 621 1736 659 autem,

383 674 545 717 etiamsi
581 673 840 727 quorundam
878 673 1047 728 grandis
1074 681 1115 714 et
1139 682 1284 715 ornata
1309 689 1390 716 vox
1416 683 1479 715 est
1509 678 1736 729 poetarum,

384 748 521 779 tamen
556 737 599 778 in
630 752 679 778 ea
716 751 809 777 cum
845 736 1054 777 licentiam
1093 744 1228 778 statuo
1260 736 1459 778 maiorem
1490 752 1582 777 esse
1615 752 1735 790 quam

382 801 424 841 in
461 799 580 841 nobis
619 798 903 839 faciendorum
946 798 1332 853 iungendorumque
1371 799 1608 846 verborum,
1652 807 1735 839 tum

384 863 509 903 etiam
545 877 629 901 non
665 861 872 901 nullorum
909 861 1119 902 voluntate
1156 861 1328 902 vocibus
1361 861 1495 916 magis
1527 876 1649 914 quam
1674 877 1737 902 re-

382 926 458 966 bus
500 923 747 972 inserviunt3
785 937 862 963 nec
901 938 1022 972 vero,
1062 924 1096 963 si
1133 924 1232 977 quid
1269 931 1332 964 est
1367 939 1494 964 unum
1527 924 1632 964 inter
1665 939 1735 964 eos

382 986 514 1027 simile
555 1009 612 1015 —-
646 985 689 1025 id
725 992 863 1025 autem
901 994 964 1026 est
1007 985 1203 1026 iudicium
1247 986 1474 1039 electioque
1517 987 1733 1027 verborum

380 1073 435 1077 ——
459 1054 680 1103 propterea
705 1055 934 1087 ceterarum
959 1063 1095 1088 rerum
1128 1047 1420 1088 dissimilitudo
1446 1048 1628 1102 intellegi
1653 1064 1734 1089 non

381 1118 534 1165 potest3
577 1110 652 1150 sed
681 1109 725 1149 id
749 1123 828 1149 nec
862 1109 1031 1149 dubium
1065 1118 1128 1150 est.
1160 1118 1217 1158 et,
1256 1110 1290 1149 si
1322 1110 1420 1162 quid
1451 1110 1573 1150 habet
1612 1125 1736 1163 quae-

381 1172 544 1220 stionis,
582 1172 660 1212 hoc
692 1178 830 1212 tamen
855 1170 992 1225 ipsum
1029 1171 1082 1212 ad
1119 1171 1180 1220 id,
1218 1172 1328 1224 quod
1363 1171 1620 1226 propositum
1659 1180 1735 1220 est,

379 1249 462 1274 non
493 1242 556 1274 est
585 1232 880 1273 necessarium.
941 1232 1152 1273 seiunctus
1184 1233 1309 1288 igitur
1340 1242 1476 1274 orator
1507 1249 1528 1273 a
1555 1233 1736 1287 philoso-

380 1295 557 1350 phorum
594 1295 848 1348 eloquentia,
889 1310 913 1335 a
944 1294 1241 1349 sophistarum,
1281 1296 1332 1335 ab
1365 1294 1673 1343 historicorum,
1712 1310 1733 1334 a

380 1362 596 1412 po'e'tarum
622 1357 892 1411 explicandus
919 1365 982 1396 est.
1006 1357 1127 1396 nobis
1152 1357 1285 1409 qualis
1311 1357 1474 1397 futurus
1501 1356 1565 1397 sit.

460 1420 554 1459 Erit
588 1419 714 1474 igitur
751 1418 949 1471 eloquens
974 1442 1030 1446 —-
1055 1418 1165 1458 hunc
1202 1418 1312 1459 enim
1349 1428 1515 1459 auctore
1547 1418 1733 1459 Antonio

381 1481 616 1534 quaerimus
642 1505 697 1509 —
721 1480 770 1529 is,
797 1480 865 1533 qui
891 1480 932 1520 in
957 1481 1046 1521 foro
1073 1480 1292 1533 causisque
1319 1480 1507 1521 civilibus
1532 1480 1590 1520 ita
1615 1479 1733 1525 dicet,

381 1550 425 1582 ut
458 1544 623 1597 probet,
667 1550 712 1582 ut
749 1542 943 1590 delectet,
982 1549 1027 1582 ut
1062 1542 1218 1582 flectat:
1262 1543 1438 1596 probare
1475 1541 1733 1582 necessitatis

381 1612 463 1653 est,
490 1605 694 1645 delectare
721 1604 956 1651 suavitatis,
982 1604 1148 1645 flectere
1174 1604 1369 1645 victoriae
1379 1621 1388 1653 3
1420 1619 1516 1644 nam
1541 1603 1582 1643 id
1607 1618 1733 1643 unum

381 1681 432 1706 ex
457 1666 648 1707 omnibus
676 1665 728 1706 ad
753 1666 1000 1706 obtinendas
1026 1680 1174 1707 causas
1200 1673 1341 1720 potest.
1366 1666 1600 1720 plurimum.
1662 1666 1734 1706 sed

381 1735 481 1780 quot
505 1727 643 1768 officia
667 1727 859 1775 oratoris,
898 1734 957 1767 tot
989 1735 1084 1767 sunt
1114 1743 1269 1782 genera
1300 1727 1480 1768 dicendi:
1519 1727 1668 1768 subtile
1693 1727 1733 1767 in

379 1790 606 1844 probando,
634 1789 840 1829 modicum
862 1789 902 1829 in
924 1789 1181 1838 delectando,
1203 1789 1428 1829 vehemens
1449 1788 1490 1828 in
1510 1788 1732 1837 fleetendo;

379 1852 421 1892 in
447 1866 528 1905 quo
554 1866 635 1891 uno
662 1850 724 1891 vis
757 1851 891 1891 omnis
924 1851 1098 1892 oratoris
1131 1860 1206 1891 est.
1266 1851 1408 1905 magni
1434 1851 1557 1905 igitur
1582 1851 1732 1899 iudicii,

380 1927 565 1953 summae
602 1913 727 1953 etiam
764 1912 971 1952 facultatis
1008 1927 1101 1953 esse
1139 1913 1306 1953 debebit
1341 1913 1576 1953 moderator
1600 1912 1668 1953 ille
1694 1920 1734 1952 et

379 1974 496 2027 quasi
523 1983 772 2029 temperator
796 1974 919 2014 huius
940 1974 1164 2029 tripertitae
1187 1974 1417 2023 varietatis3
1444 1990 1539 2014 nam
1566 1982 1606 2014 et
1629 1974 1734 2013 iudi-

380 2036 489 2076 cabit
526 2037 623 2089 quid
655 2036 800 2090 cuique
838 2051 941 2090 opus
973 2037 1026 2077 sit
1056 2045 1096 2077 et
1127 2037 1278 2091 poterit
1315 2051 1573 2089 quocumque
1609 2035 1733 2077 modo

379 2097 606 2152 postulabit
641 2112 768 2138 causa
800 2097 948 2138 dicere.
1011 2098 1085 2139 sed
1116 2106 1179 2139 est
1210 2099 1467 2151 eloquentiae
1505 2098 1611 2139 sicut
1639 2097 1733 2138 reli-

379 2175 550 2213 quarum
580 2175 718 2201 rerum
754 2160 1071 2201 fundamentum
1104 2161 1325 2215 sapientia:
1363 2168 1408 2201 ut
1433 2160 1541 2201 enim
1567 2160 1610 2200 in
1636 2160 1731 2208 vita,

379 2222 438 2262 sic
461 2222 503 2262 in
529 2222 712 2263 oratione
737 2222 839 2262 nihil
870 2230 933 2262 est
969 2223 1178 2263 difficilius
1218 2238 1341 2275 quam
1367 2223 1466 2276 quid
1504 2222 1649 2263 deceat
1672 2222 1732 2262 vi-

379 2284 488 2324 dere.
549 2287 718 2340 nqe'stov
749 2284 960 2339 appellant
991 2285 1073 2326 hoc
1096 2284 1264 2334 Graeci3
1303 2300 1378 2325 nos
1416 2284 1600 2324 dieamus
1633 2298 1731 2324 sane

379 2345 592 2395 decorum3
631 2346 682 2387 de
708 2361 789 2399 quo
815 2347 1025 2401 praeclare
1052 2354 1092 2387 et
1116 2347 1246 2387 multa
1269 2346 1577 2401 praecipiuntur
1602 2354 1642 2387 et
1665 2360 1730 2386 res
1760 2384 1762 2386 .

378 2416 441 2448 cst
471 2408 706 2463 cognitione
740 2409 1004 2463 dignissima:
1042 2409 1164 2450 huius
1201 2409 1458 2464 ignoratione
1495 2424 1577 2449 non
1608 2408 1730 2449 modo

378 2470 419 2509 in
444 2470 540 2519 vita,
568 2471 642 2511 sed
667 2470 911 2525 saepissime
937 2479 977 2511 et
1002 2471 1043 2511 in
1067 2471 1269 2526 poematis
1297 2480 1334 2510 et
1361 2471 1401 2510 in
1429 2471 1610 2511 oratione
1635 2484 1731 2525 pec-

380 2538 505 2572 catur.
568 2540 630 2572 est
660 2540 798 2572 autem
834 2532 933 2585 quid
966 2533 1110 2573 deceat
1140 2533 1290 2573 oratori
1322 2533 1545 2573 videndum
1575 2548 1657 2573 non
1689 2532 1728 2571 in

379 2593 591 2633 sententiis
630 2594 783 2643 solum,
822 2594 895 2635 sed
921 2594 1044 2635 etiam
1070 2594 1111 2634 in
1143 2595 1299 2644 verbis3
1336 2610 1418 2636 non
1456 2595 1565 2635 enim
1595 2593 1728 2634 omnis

380 2653 561 2702 fortuna,
598 2670 681 2695 non
717 2655 850 2696 omnis
887 2656 1038 2705 honos,
1081 2671 1163 2697 non
1201 2656 1333 2696 onmis
1371 2656 1609 2703 auctoritas,
1647 2669 1727 2694 non

379 2714 511 2754 omnis
539 2723 650 2755 actas
677 2730 751 2756 nec
778 2732 875 2757 vcro
900 2718 1013 2758 locus
1041 2726 1108 2757 aut
1128 2726 1290 2772 tempus
1317 2727 1383 2757 aut
1411 2717 1571 2757 auditor
1597 2714 1727 2756 omnis
