1859 3069
325 374 342 405 Τ

318 420 350 444 :23

323 948 353 971 24

368 223 450 264 343
769 228 816 260 M.
845 226 1021 262 'ruLLu
1048 224 1312 260 CICERONIS

369 311 491 352 etiam
517 311 594 350 hoe
620 310 709 349 loeo
735 307 853 347 nobis
880 314 940 346 est
967 306 1087 360 ipsis,
1113 306 1211 358 quid
1237 320 1362 346 eausa
1386 306 1578 360 postulet,
1618 305 1720 345 iudi-

370 374 557 414 candum.
621 372 669 411 C.
701 371 749 410 F.
776 369 978 421 reliquum
1004 375 1067 408 est
1085 367 1220 421 igitur,
1242 375 1287 407 ut
1312 367 1424 407 dieas
1446 367 1495 407 de
1522 381 1721 408 conversa

371 435 552 475 oratione
575 442 695 485 atque
715 438 885 470 mutata.
926 429 975 470 C.
1001 430 1052 470 P.
1079 437 1142 469 est
1167 429 1208 468 id
1228 443 1359 481 genus
1386 436 1516 469 totum
1538 430 1661 469 situm
1680 429 1721 469 in

371 495 687 537 eonnnutatione
710 493 941 539 verborum,
957 506 1061 544 quae
1077 491 1332 546 simplicibus
1355 490 1396 530 in
1416 490 1552 531 verbis
1572 491 1628 531 ita
1643 498 1723 531 tra-

371 568 513 605 ctatur,
540 565 582 596 ut
604 563 670 596 aut
687 570 737 595 ex
752 554 877 595 verbo
899 554 1090 594 dilatetur
1114 561 1184 593 aut
1202 553 1242 592 in
1264 553 1435 592 verbum
1459 551 1723 592 contrahatur

370 619 518 661 oratio:
561 634 612 658 ex
647 617 774 657 verbo
813 631 905 657 eum
943 623 1013 656 aut
1047 615 1258 670 proprium
1297 613 1386 668 [aut
1421 614 1529 655 idem
1567 613 1723 669 signifi-

371 680 487 735 cans]
517 688 585 720 aut
606 680 761 719 factum
785 679 956 719 verbum
987 678 1028 717 in
1048 677 1167 732 plura
1192 677 1325 717 verba
1356 691 1455 730 quae
1473 678 1575 717 idem
1600 677 1724 729 siqni-

368 744 488 795 sit-ant
514 741 737 789 diducitur3
777 755 828 781 ex
853 740 1055 788 oratione,
1094 754 1187 779 eum
1213 748 1283 779 aut
1313 738 1494 779 definitio
1521 738 1573 778 ad
1597 753 1722 778 unum

372 804 542 845 verbum
562 813 779 844 revocatur
799 809 869 843 aut
887 802 1106 856 adsumpta
1132 802 1258 842 verba
1271 809 1534 841 removentur
1560 808 1629 841 aut
1648 800 1724 840 eir-

373 866 505 906 euitus
543 865 777 919 diriguntur
813 871 882 904 aut
919 863 1206 904 coniunctione
1241 864 1288 903 fit
1311 878 1440 903 unum
1471 863 1643 903 verbum
1673 878 1724 903 ex

374 928 548 968 duobus.
626 927 667 966 in
709 926 936 967 coniunctis
980 934 1117 966 autem
1163 925 1297 966 verbis
1346 925 1493 980 triplex
1539 924 1724 965 adhiberi

373 989 638 1030 commutatio
663 996 818 1043 potest,
856 1003 938 1027 non
965 988 1201 1036 verborum,
1229 988 1303 1027 sed
1327 995 1486 1027 tantum
1512 987 1634 1027 modo
1660 1002 1725 1027 01·-

373 1051 498 1099 dinis,
524 1059 569 1091 ut
594 1065 688 1090 eum
714 1049 841 1090 semel
867 1050 1021 1090 dietum
1047 1049 1100 1089 sit
1124 1049 1296 1098 directe,
1335 1049 1440 1090 sicut
1464 1057 1609 1089 natura
1635 1049 1725 1103 ipsa

373 1112 529 1161 tulerit,
560 1112 787 1152 invertatur
812 1112 912 1152 ordo
939 1120 979 1152 et
1002 1111 1112 1151 idem
1138 1111 1256 1164 quasi
1283 1126 1446 1151 sursum
1471 1125 1637 1151 versum
1661 1125 1725 1150 re-

374 1184 517 1227 troque
554 1174 731 1223 dicatur,
775 1174 922 1214 deinde
965 1173 1075 1214 idem
1117 1173 1307 1214 intercise
1350 1181 1472 1225 atque
1508 1172 1723 1227 permixte.

373 1237 591 1289 eloquendi
617 1245 755 1277 autem
791 1236 1028 1277 exercitatio
1066 1236 1243 1276 maxime
1268 1235 1310 1275 in
1336 1235 1414 1276 hoe
1439 1243 1524 1276 toto
1555 1249 1725 1275 eonver-

375 1298 487 1339 tendi
512 1313 664 1353 genere
689 1306 889 1339 versatur.

453 1359 503 1401 C.
529 1361 578 1400 F.
604 1360 728 1401 Aetio
755 1360 879 1414 igitur
905 1360 1101 1413 sequitur,
1127 1367 1172 1399 ut
1197 1359 1354 1414 opinor.
1411 1357 1460 1399 C.
1486 1359 1535 1399 P.
1563 1366 1626 1399 est
1649 1358 1724 1399 ita:

375 1437 478 1475 quae
504 1422 670 1474 quidem
696 1421 846 1462 oratori
872 1429 910 1462 et
938 1436 1029 1462 eum
1055 1436 1189 1462 rerum
1217 1429 1258 1462 et.
1283 1435 1376 1460 cum
1396 1420 1615 1461 verborum
1638 1435 1727 1460 mo-

373 1484 521 1524 mentis
561 1484 852 1524 commutanda
888 1483 1066 1524 maxime
1103 1490 1184 1532 est;
1228 1482 1325 1523 facit
1363 1482 1471 1523 enim
1508 1490 1549 1523 et
1585 1482 1727 1522 diluci-

375 1546 470 1585 dam
509 1545 738 1586 orationem
775 1554 815 1586 et
851 1545 1068 1586 inlustrem
1105 1553 1144 1585 et
1187 1544 1443 1600 probabilem
1481 1552 1521 1585 et
1557 1559 1727 1585 suavem

374 1622 457 1647 non
493 1607 649 1656 verbis,
688 1608 762 1648 sed
798 1608 996 1648 varietate
1022 1607 1159 1655 vocis,
1202 1614 1317 1647 motu
1354 1606 1555 1661 corporis,
1598 1606 1726 1654 voltu,

375 1683 479 1721 quae
515 1668 736 1722 plurimum
774 1669 988 1718 valebunt,
1027 1669 1061 1709 si
1098 1683 1191 1709 eum
1217 1669 1411 1709 orationis
1449 1684 1600 1723 genere
1631 1683 1727 1710 con-

377 1730 552 1771 sentient
579 1739 620 1770 et
650 1731 736 1771 eius
768 1731 851 1770 vim
878 1745 925 1771 ae
952 1731 1191 1771 varietatem
1225 1731 1540 1783 subsequentur.
1603 1729 1652 1771 C.
1677 1731 1726 1770 F.

375 1808 475 1833 num
506 1793 701 1846 quidnam
732 1793 804 1833 tibi
837 1793 887 1833 de
918 1801 1079 1833 oratore
1114 1792 1205 1847 ipso
1242 1800 1370 1833 restat
1407 1792 1541 1831 aliud?
1602 1791 1650 1832 C.
1676 1792 1725 1832 P.

325 1885 356 1901 ..-
375 1854 476 1894 nihil
502 1870 600 1895 sane
626 1862 788 1909 praeter
811 1855 1070 1903 memoriam,
1109 1869 1214 1906 quae
1245 1862 1308 1894 est,
1332 1853 1498 1907 gemina
1528 1853 1728 1894 litteratu-

375 1932 444 1957 rae
471 1917 649 1969 quodam
676 1917 798 1958 modo
825 1925 863 1957 et
889 1917 931 1957 in
956 1917 1145 1957 dissimili
1178 1931 1329 1971 genere
1354 1916 1593 1970 persi111ilis3
1631 1931 1726 1955 nam

375 1988 418 2019 ut
444 1979 514 2019 illa
551 1987 711 2019 constat
737 1994 788 2019 ex
818 1979 926 2020 notis
963 1979 1191 2020 litterarum
1217 1987 1255 2019 et
1289 1994 1337 2018 ex
1365 1994 1432 2026 es),
1470 1978 1511 2017 in
1537 1993 1617 2030 quo
1654 1977 1729 2016 im-

376 2040 606 2096 primuntur
636 2041 729 2081 illae
766 2051 906 2090 notae,
952 2041 1010 2081 sie
1042 2040 1244 2081 confectio
1270 2040 1491 2080 memoriae
1519 2048 1728 2092 tamquam

376 2117 470 2143 cera
494 2102 594 2143 loeis
622 2103 746 2143 utitur
772 2112 812 2143 et
836 2103 877 2143 in
903 2103 966 2143 his
992 2103 1194 2157 imagines
1219 2109 1263 2142 ut
1289 2101 1444 2142 litteras
1472 2102 1670 2142 conlocat.

457 2163 507 2205 C.
533 2165 580 2205 F.
608 2164 817 2216 Quoniam
842 2164 967 2219 igitur
993 2165 1055 2205 vis
1081 2164 1254 2205 oratoris
1280 2164 1412 2204 onmis
1439 2163 1627 2217 exposita
1652 2170 1728 2211 est,

377 2226 475 2279 quid
500 2226 628 2267 habes
655 2227 705 2267 de
731 2226 926 2267 orationis
953 2227 1184 2281 praeceptis
1205 2226 1364 2266 dicere?
1391 2225 1440 2266 C.
1460 2226 1510 2266 P.
1538 2232 1729 2278 quattuor

378 2288 465 2328 eius
492 2288 620 2342 partis
659 2303 770 2337 esse,
809 2303 982 2341 quarum
1020 2289 1151 2343 prima
1190 2296 1229 2328 et
1253 2296 1464 2342 postrema
1489 2287 1541 2326 ad
1571 2294 1727 2325 motum

379 2349 501 2389 animi
547 2350 671 2399 valet3
708 2350 743 2390 is
781 2350 890 2390 enim
928 2357 992 2390 est.
1027 2350 1152 2389 initiis
1190 2357 1229 2389 et
1264 2348 1593 2403 perorationibus
1632 2362 1728 2387 eon-

379 2412 585 2461 eitandus3
614 2412 814 2461 secunda,
841 2412 1038 2460 narratio,
1077 2420 1117 2452 et,
1142 2411 1278 2459 tertia,
1305 2411 1578 2458 confirmatio,
1605 2410 1727 2449 fidem

380 2473 477 2513 facit
512 2474 699 2515 orationi.
773 2474 847 2514 sed
884 2473 1147 2528 amplificatio
1189 2487 1439 2526 quamquam
1475 2472 1600 2512 habet
1635 2487 1729 2526 pro—

379 2535 512 2588 prium
548 2536 696 2585 locum,
730 2552 854 2591 saepe
891 2536 1015 2577 etiam
1050 2536 1245 2591 primum,
1283 2544 1537 2589 postremum
1563 2534 1726 2587 quidem

381 2597 465 2636 fere
492 2612 672 2651 semper,
706 2606 844 2639 tamen
867 2598 1026 2651 reliquo
1052 2598 1093 2637 in
1119 2612 1241 2638 eursu
1272 2596 1467 2637 orationis
1495 2595 1728 2636 adhibenda

381 2664 443 2696 est
478 2659 755 2712 maximeque,
800 2674 893 2699 eum
931 2659 1084 2712 aliquid
1121 2667 1191 2699 ant.
1233 2659 1517 2698 confirmatum
1561 2665 1624 2697 est
1660 2664 1729 2696 aut

383 2719 688 2772 reprehensum.
762 2721 900 2774 itaque
939 2721 990 2761 ad
1033 2721 1154 2761 fidem
1200 2734 1362 2773 quoque
1402 2720 1465 2759 vel
1506 2719 1725 2773 plurimum
