1859 3069
318 1446 366 1470 123

317 1698 353 1721 12⁴

354 1698 366 1722 2

398 168 451 209 86
797 175 846 209 Μ.
873 174 1060 210 TULLII·
1077 173 1341 210 CICERONIS

396 257 501 298 ciam
530 282 585 285 ν-
617 262 815 310 quantum
852 268 1100 307 consequar,
1139 270 1213 295 vos
1250 254 1483 297 iudicabitis
1512 280 1569 285 —
1600 256 1747 310 quibus

397 334 447 359 ex
472 318 572 359 locis
599 318 652 358 ad
676 332 746 358 eas
772 316 845 356 tris
876 330 963 365 res,
1002 330 1108 369 quae
1135 316 1187 356 ad
1210 316 1336 357 fidem
1371 318 1604 359 faciendam
1637 318 1748 359 solae

396 381 552 429 valent,
590 379 762 419 ducatur
798 377 948 426 oratio,
984 384 1030 418 ut
1062 384 1104 418 et
1134 377 1402 419 concilientur
1438 379 1563 420 animi
1599 387 1640 420 et
1677 380 1749 421 do-

397 450 564 482 ceantur
595 448 636 480 et
664 446 927 488 moveantur3
968 437 1090 493 [haec
1122 446 1219 480 sunt
1254 439 1364 480 enim
1400 439 1510 495 tria.]
1572 456 1621 482 ea
1650 456 1748 482 vero

395 518 516 556 quem
542 501 594 542 ad
618 501 787 542 modum
810 500 1100 551 inlustremur,
1126 508 1293 555 praesto
1319 508 1395 551 est,
1421 502 1492 554 qui
1517 502 1649 543 onmis
1676 503 1749 543 do-

394 579 485 605 cere
515 563 667 618 possit,
706 562 776 616 qui
811 562 891 604 hoc
925 562 1084 617 primus
1120 563 1163 603 in
1198 570 1364 604 nostros
1399 578 1535 604 mores
1572 564 1746 613 induxit,

342 646 369 668 ³2
394 626 464 679 qui
488 625 667 666 maxime
688 625 814 675 auxit,
840 625 910 679 qui
935 626 1047 666 solus
1069 625 1219 667 effecit.
1267 640 1446 679 namque
1466 641 1557 680 ego,
1585 625 1746 676 Catule,

392 712 449 717 -—
473 687 607 728 dicam
632 687 742 728 enim
767 702 851 728 non
881 702 1077 729 reverens
1104 687 1351 729 adsentandi
1377 687 1656 742 suspicionem
1693 716 1747 720 —

393 749 602 790 neminem
632 763 725 790 esse
752 756 957 791 oratorem
991 749 1117 804 paulo
1147 749 1426 790 inlustriorem
1458 749 1632 791 arbitror
1659 748 1749 804 [ne-

393 826 473 864 que
500 811 709 852 Graecum
732 826 867 864 neque
891 810 1110 867 Latinum]
1145 826 1268 865 quem
1292 819 1406 853 aetas
1430 819 1574 853 nostra
1597 812 1747 861 tulerit,

393 888 516 926 quem
538 888 622 914 non
647 880 689 914 et
714 888 837 928 saepe
863 880 904 914 et
929 874 1146 928 diligenter
1171 873 1391 923 audierim,
1421 873 1561 928 itaque
1589 874 1624 915 si
1649 874 1748 927 quid

393 942 457 976 est
479 935 523 975 in
545 950 612 976 me
635 958 693 964 —-—
717 935 828 988 quod
853 935 936 976 iam
962 951 1128 991 sperare
1159 936 1321 985 videor,
1359 936 1554 989 quoniam
1580 936 1746 989 quidem

392 1011 486 1045 vos,
524 996 588 1037 his
626 996 804 1051 ingeniis
841 996 1051 1047 homines,
1089 1006 1249 1038 tantum
1285 1012 1435 1052 operae
1466 998 1567 1038 mihi
1592 998 1645 1038 ad
1675 1013 1748 1038 au-

391 1059 589 1099 diendum
625 1059 731 1099 datis
755 1083 813 1088 —
837 1074 889 1100 ex
919 1074 967 1101 eo
999 1068 1080 1110 est,
1117 1060 1229 1114 quod
1265 1060 1367 1100 nihil
1402 1060 1622 1113 quisquam
1656 1075 1747 1100 um-

391 1135 517 1174 quam
546 1135 612 1161 me
649 1121 842 1162 audiente
873 1121 958 1176 egit
989 1120 1187 1176 [orator],
1227 1121 1338 1175 quod
1373 1136 1456 1162 non
1481 1121 1523 1161 in
1547 1121 1747 1162 memoria

390 1197 485 1223 mea
508 1182 672 1237 penitus
698 1182 916 1224 insederit:
953 1183 1092 1236 itaque
1118 1198 1196 1238 ego
1221 1183 1276 1232 is,
1315 1183 1384 1236 qui
1410 1198 1520 1232 sum,
1546 1190 1745 1236 quantus-

391 1258 567 1298 cumque
594 1259 686 1285 sum
711 1245 764 1285 ad
786 1245 1072 1294 iudicandum,
1104 1245 1295 1286 omnibus
1323 1244 1473 1285 auditis
1499 1245 1743 1293 oratoribus,

392 1307 481 1347 sine
506 1307 591 1347 ulla
627 1307 882 1348 dubitatione
909 1307 968 1348 sic
1000 1314 1136 1348 statuo
1162 1314 1202 1348 et
1231 1307 1387 1356 iudico,
1425 1307 1632 1348 neminem
1658 1322 1745 1348 om-

389 1369 504 1409 nium
529 1376 590 1410 tot
615 1376 655 1409 et
680 1376 812 1418 tanta,
839 1377 994 1422 quanta
1019 1369 1101 1409 sint
1125 1369 1167 1409 in
1193 1367 1369 1418 Crasso,
1402 1368 1598 1410 habuisse
1625 1384 1744 1409 orna-

391 1437 530 1470 menta
556 1430 732 1471 dicendi.
794 1445 918 1484 quam
942 1431 995 1471 ob
1020 1445 1126 1479 rem,
1166 1430 1200 1471 si
1225 1445 1300 1471 vos
1338 1444 1501 1483 quoque
1532 1430 1611 1471 1100
1634 1430 1743 1471 idem

390 1491 653 1540 existimatis,
691 1507 774 1533 non
799 1492 892 1542 erit,
924 1499 969 1532 ut
993 1492 1156 1547 opinor,
1188 1491 1329 1545 iniqua
1352 1491 1536 1546 partitio,
1570 1491 1623 1541 si,
1650 1506 1743 1532 cum

391 1567 469 1605 ego
488 1552 598 1593 hunc
620 1551 876 1609 [oratorem],
904 1568 1027 1607 quem
1046 1568 1155 1594 nunc
1173 1554 1299 1608 fingo,
1325 1562 1371 1594 ut
1389 1553 1560 1602 institui,
1587 1568 1740 1601 (ti-earo,
1787 1591 1790 1594 .

390 1613 548 1662 aluero,
588 1615 850 1664 confirmare,
889 1615 1050 1655 tradam
1086 1630 1181 1655 eum
1213 1614 1370 1656 Crasso
1407 1623 1447 1655 et
1482 1615 1742 1655 vestiendum

392 1682 432 1715 et
456 1675 712 1715 ornandum.'
774 1683 861 1716 tum
888 1675 1088 1725 Crassus,
1129 1681 1193 1716 ‘tu
1224 1676 1354 1725 vero,’
1392 1676 1526 1729 inquit
1551 1676 1739 1725 ‘Antoni,

388 1751 535 1790 perge,
561 1744 607 1776 ut
630 1736 863 1786 instituisti3
896 1752 1030 1790 neque
1056 1737 1166 1778 enim
1192 1745 1255 1777 est
1279 1737 1376 1778 boni
1400 1752 1534 1791 neque
1559 1737 1740 1778 liberalis

388 1798 584 1852 parentis,
611 1812 733 1852 quem
752 1799 981 1853 procrearis
1007 1807 1048 1839 et
1067 1799 1272 1847 eduxeris,
1299 1814 1394 1839 eum
1417 1814 1501 1841 11011
1525 1806 1565 1840 et
1590 1799 1741 1840 vestire

389 1867 430 1899 et
453 1874 618 1909 ornare,
643 1861 887 1914 praesertim
912 1875 1005 1901 cum
1030 1869 1070 1902 te
1094 1861 1342 1915 locupletem
1362 1876 1454 1902 0550
1479 1876 1633 1916 negare
1657 1877 1739 1902 non

387 1921 538 1976 possis.
565 1922 675 1975 quod
696 1922 804 1963 enim
825 1931 1124 1972 ornamentum,
1139 1937 1244 1976 quae
1264 1923 1340 1972 vis,
1357 1923 1426 1976 qui
1440 1923 1613 1973 animus,
1635 1938 1754 1977 quae-

388 1983 568 2037 dignitas
600 1983 659 2023 illi
690 1984 842 2025 oratori
880 1985 1028 2034 defuit,
1066 1984 1201 2038 quiin
1226 1999 1352 2025 causa
1386 1985 1619 2039 peroranda
1654 2001 1737 2026 non

388 2045 592 2086 dubitavit
634 2047 813 2088 excitare
855 2062 973 2088 reum
1016 2047 1276 2088 consularem
1313 2055 1354 2088 et
1394 2048 1482 2089 eius
1526 2048 1739 2089 diloricare

388 2107 569 2148 tunicam
595 2115 636 2149 et
664 2109 868 2150 iudicibus
900 2109 1111 2150 cicatrices
1149 2110 1346 2151 adversas
1384 2110 1494 2151 senis
1519 2111 1740 2165 imperato-

386 2169 443 2210 ris
480 2170 722 2211 ostendere?
759 2171 829 2224 qui
865 2171 993 2221 idem,
1030 2172 1109 2213 hoc
1146 2179 1366 2213 accusante
1399 2172 1602 2227 Sulpicio,
1646 2187 1739 2213 011111

387 2232 597 2273 1101111110111
634 2233 877 2274 seditiosum
918 2234 1206 2287 furiosumque
1243 2234 1502 2284 defenderet,
1545 2249 1628 2275 11011
1665 2235 1739 2274 du-

386 2294 533 2335 bitavit
569 2295 793 2336 seditiones
830 2296 944 2351 ipsas
976 2311 1122 2337 ornare
1150 2310 1197 2337 ac
1228 2297 1511 2337 demonstrare
1542 2296 1739 2351 gravissi-

386 2355 464 2396 mis
501 2357 638 2397 verbis
679 2358 831 2399 multos
875 2372 998 2412 saepe
1040 2358 1219 2412 impetus
1261 2358 1403 2413 populi
1439 2373 1522 2399 non
1562 2357 1737 2399 iniustos

388 2433 500 2466 esse,
537 2433 641 2472 quos
678 2427 891 2473 praestare
927 2435 1050 2461 nemo
1087 2427 1249 2475 posset3
1287 2420 1439 2461 multas
1476 2420 1599 2461 etiam
1636 2434 1658 2460 e
1693 2434 1737 2460 re

387 2479 553 2532 publica
578 2481 803 2522 seditiones
831 2497 955 2536 saepe
981 2497 1074 2523 esse
1093 2482 1239 2532 factas,
1265 2489 1310 2522 ut
1335 2496 1572 2536 cunrreges
1598 2489 1738 2522 essent

387 2541 541 2590 exacti,
578 2550 623 2582 ut
648 2557 742 2583 cum
766 2543 985 2584 tribunicia
1007 2551 1193 2598 potestas
1219 2543 1459 2593 constituta3
1496 2543 1608 2583 illam
1630 2542 1736 2583 Nor-

389 2601 486 2641 bani
522 2603 767 2646 seditionem
798 2620 850 2646 ex
880 2605 994 2646 luctu
1032 2605 1184 2646 civium
1214 2613 1255 2646 et
1284 2620 1336 2646 ex
1367 2604 1589 2659 Caepionis
1626 2602 1733 2652 odio,

390 2662 458 2714 qui
489 2665 715 2705 exereitum
747 2667 959 2716 amiserat,
997 2681 1130 2720 neque
1161 2667 1326 2722 reprimi
1362 2666 1546 2721 potuisse
1577 2671 1616 2705 ct
1647 2664 1734 2705 iure
