1859 3069
299 620 330 643 85

299 1368 330 1391 86

296 2050 328 2073 05

364 204 446 244 296
764 210 812 244 Μ.
839 209 1017 244 TULLlI
1045 208 1309 243 CICERONIS

364 293 493 348 ipsius
523 290 756 346 [oratoris],
784 291 833 329 de
861 304 940 342 quo
966 289 1130 341 loquor,
1162 289 1451 343 parsimoniae.
1512 307 1606 332 nam
1633 292 1713 339 illa,

363 356 414 395 de
450 355 598 407 quibus
637 359 730 392 ante
769 351 872 395 dixi,
918 351 1012 390 huie
1047 361 1167 390 acuto
1210 351 1408 405 fugienda
1445 363 1557 402 sunt,
1600 355 1716 408 paria

361 417 529 471 paribus
561 414 690 455 relata
720 420 761 453 et⁴
792 412 978 452 similiter
1008 413 1203 453 conclusa
1239 413 1467 466 eodemque
1497 425 1617 470 pacto
1649 430 1715 456 ca-

363 478 501 518 dentia
528 486 565 516 et
592 474 876 514 immutatione
906 474 1066 514 litterae
1095 473 1250 529 [quasi]
1279 476 1490 528 quaesitae
1523 487 1715 518 venusta-

364 549 444 586 tes,
482 554 531 577 ne
559 537 770 577 elaborata
800 536 1055 577 concinnitas
1083 545 1123 576 et
1154 537 1362 590 quoddam
1400 538 1619 593 aucupium
1645 540 1715 579 de-

363 599 593 641 lectationis
625 598 847 639 manifesto
881 598 1183 653 deprehensum
1217 610 1432 654 appareat3
1472 600 1649 653 itemque
1682 602 1714 641 si

362 677 466 715 quae
489 661 705 701 verborum
725 660 962 701 iterationes
984 661 1287 701 contentionem
1310 661 1488 714 aliquam
1511 672 1549 702 et
1564 663 1716 702 clamo-

360 740 446 765 rem
467 724 689 776 requirent,
705 732 824 763 erunt
844 724 895 763 ab
918 723 995 763 hac
1015 724 1306 764 summissione
1326 725 1522 765 orationis
1544 726 1714 775 alienae,

361 787 508 827 ceteris
545 786 779 841 promiscue
816 786 968 840 poterit
999 786 1076 835 uti3
1115 787 1465 827 continuationem
1496 789 1714 829 verborum

360 849 483 889 modo
509 849 669 889 relaxet
700 855 740 888 et
765 847 923 888 dividat
953 858 1172 901 utaturque
1209 850 1346 889 verbis
1375 865 1495 902 quam
1534 852 1716 892 usitatis-

362 911 498 959 simis,
531 910 817 950 tralationibus
845 925 967 963 quam
1000 911 1274 960 1nollissimis3
1307 913 1430 952 etiam
1456 912 1526 952 illa
1552 922 1716 954 senten-

361 975 509 1014 tiarum
534 973 689 1013 lumina
722 973 929 1021 adsumet,
969 988 1074 1026 quae
1100 990 1182 1015 non
1214 983 1333 1015 erunt
1364 975 1630 1015 vehementer
1654 975 1715 1016 in-

359 1036 523 1076 lustria:
550 1051 633 1076 non
659 1035 784 1075 faciet
802 1050 888 1075 rem
909 1036 1116 1090 publicam
1137 1037 1373 1088 loquentem
1393 1051 1469 1077 nec
1495 1038 1546 1077 ab
1571 1038 1713 1078 inferis

359 1106 543 1139 mortuos
576 1097 772 1138 excitabit
802 1112 879 1138 nec
916 1098 1138 1139 acervatim
1175 1099 1304 1139 multa
1334 1100 1600 1152 frequentans
1633 1115 1714 1139 nna

360 1160 646 1215 complexione
685 1159 909 1200 devinciet:
954 1161 1225 1201 valentiorum
1263 1161 1365 1201 haec
1409 1161 1581 1201 laterum
1621 1170 1713 1202 sunt

359 1237 436 1263 nee
473 1223 524 1263 ab
568 1222 664 1269 hoc,
709 1237 832 1275 quem
874 1222 1166 1268 informamus,
1211 1231 1279 1263 aut
1323 1224 1604 1278 exspectanda
1646 1233 1714 1264 aut

358 1285 627 1339 postulanda3
666 1285 742 1324 erit
779 1284 887 1324 enim
919 1293 963 1325 ut
994 1299 1113 1331 voce,
1154 1285 1212 1325 sic
1243 1285 1365 1325 etiam
1402 1285 1585 1325 oratione
1618 1301 1714 1340 snp-

360 1347 555 1402 pressior.
630 1347 703 1387 sed
739 1347 935 1401 pleraque
973 1363 1024 1387 ex
1061 1347 1139 1387 illis
1178 1348 1423 1388 convenient
1460 1348 1583 1388 etiam
1620 1347 1714 1388 huie

361 1412 569 1460 tenuitati,
608 1426 858 1464 quamquam
884 1411 1017 1451 isdem
1043 1410 1294 1451 ornamentis
1326 1419 1463 1451 utetur
1487 1411 1713 1459 horridius3

359 1474 483 1514 talem
520 1474 629 1514 enim
665 1473 912 1513 inducimus.
979 1473 1147 1513 accedet
1184 1473 1289 1514 actio
1326 1488 1408 1514 non
1445 1473 1603 1527 tragica
1638 1487 1714 1513 nec

361 1550 522 1583 scenae,
550 1536 623 1576 sed
643 1536 805 1576 modica
826 1535 1045 1576 iactatione
1067 1536 1263 1590 corporis,
1290 1536 1403 1576 voltu
1424 1543 1561 1576 tamen
1582 1536 1713 1575 multa

359 1598 600 1645 conficiens3
638 1613 722 1638 non
759 1597 855 1645 hoc,
894 1612 974 1650 quo
1012 1597 1203 1637 dicuntur
1239 1613 1285 1638 os
1318 1598 1486 1645 ducere,
1526 1598 1600 1638 sed
1629 1597 1712 1646 illo,

360 1674 440 1712 quo
474 1660 709 1714 significant
739 1660 920 1714 ingenue
951 1674 1033 1712 quo
1066 1675 1191 1700 sensu
1221 1660 1402 1713 quidque
1434 1660 1712 1714 pronuntient.

360 1722 455 1762 111110
480 1722 620 1776 generi
647 1722 842 1762 emtionis
875 1730 1149 1775 aspergentur
1175 1722 1297 1762 etiam
1331 1723 1458 1767 sales,
1491 1722 1560 1775 qui
1586 1722 1627 1761 in
1654 1722 1714 1761 di-

359 1784 490 1825 cendo
515 1784 687 1824 nimium
712 1792 911 1836 quantum
936 1784 1091 1831 valcnt;
1119 1798 1292 1836 quorum
1319 1784 1399 1823 duo
1426 1799 1578 1837 genera
1604 1792 1712 1832 sunt,

358 1861 487 1886 unum
529 1846 790 1894 facetiarum,
835 1846 1008 1886 alterum
1047 1845 1294 1886 dicacitatis:
1339 1854 1476 1886 utetur
1518 1854 1710 1898 utroque3

361 1908 434 1948 scd
460 1908 587 1949 altero
613 1908 655 1947 in
680 1908 885 1947 narrando
912 1907 1066 1960 aliquid
1092 1916 1279 1953 venuste,
1307 1908 1434 1948 altero
1459 1907 1501 1947 in
1526 1907 1713 1947 iaciendo

360 1969 642 2022 mittendoque
668 1969 859 2016 ridicule,
893 1970 1010 2010 cuius
1037 1985 1191 2023 genera
1215 1970 1334 2024 plura
1360 1978 1472 2018 sunt3
1507 1970 1580 2010 sed
1604 1984 1714 2009 nune

360 2032 470 2071 aliud
496 2032 672 2087 agimus.
731 2032 834 2072 illud
859 2032 1129 2072 admonemus
1156 2041 1307 2079 tamen,
1333 2032 1506 2072 ridiculo
1533 2032 1591 2072 sic
1616 2047 1714 2072 usu-

358 2109 449 2133 rum
480 2102 704 2140 oratorem,
741 2102 785 2134 ut
825 2108 901 2134 nec
937 2094 1058 2133 nimis
1095 2094 1318 2146 frequenti,
1356 2109 1407 2134 ne
1447 2093 1615 2134 scurrile
1647 2094 1712 2142 sit,

358 2171 434 2197 nec
445 2157 718 2203 subobsceno,
739 2171 790 2196 ne
816 2156 1040 2204 mimicum,
1061 2171 1136 2197 nec
1156 2156 1370 2211 petulanti,
1392 2171 1442 2196 ne
1464 2156 1711 2210 improbum,

359 2218 498 2258 necin
526 2217 820 2264 calamitatem,
859 2233 910 2258 ne
942 2218 1232 2265 inhumanum,
1270 2232 1346 2259 nec
1371 2219 1411 2258 in
1444 2218 1623 2264 facinus,
1661 2232 1712 2257 ne

359 2280 441 2319 odii
478 2281 614 2320 locum
651 2280 759 2320 risus
797 2288 991 2335 occupet,
1034 2295 1168 2334 neque
1212 2288 1281 2320 aut
1319 2295 1394 2321 sua
1428 2295 1608 2334 persona
1644 2290 1713 2320 aut

360 2342 539 2381 iudicum
565 2350 635 2382 aut
665 2350 850 2397 tempore
882 2343 1080 2391 alienum3
1120 2343 1222 2383 haec
1254 2342 1363 2383 enim
1389 2342 1441 2382 ad
1471 2342 1572 2382 illud
1597 2342 1712 2382 inde-

360 2418 500 2444 corum
524 2405 772 2445 referuntur.
817 2405 962 2445 vitabit
989 2405 1111 2445 etiam
1138 2404 1325 2457 quaesita
1349 2418 1425 2445 nec
1451 2419 1500 2444 ex
1528 2412 1711 2458 tempore

360 2466 472 2512 ficta,
517 2466 591 2506 sed
629 2467 750 2506 domo
789 2466 943 2515 adlata,
987 2481 1092 2519 quae
1130 2467 1373 2521 plerumque
1411 2475 1504 2506 sunt
1542 2466 1710 2520 frigida:

357 2535 498 2580 parcet
523 2536 561 2568 et
588 2528 776 2568 amicitiis
804 2536 842 2568 et
869 2528 1151 2582 dignitatibus,
1178 2528 1321 2568 vitabit
1348 2528 1587 2568 insanabilis
1614 2543 1711 2567 con-

360 2589 568 2634 tumelias,
608 2590 892 2631 tantummodo
931 2590 1190 2630 adversarios
1228 2591 1327 2644 figet
1358 2604 1433 2630 nec
1465 2604 1534 2630 eos
1572 2599 1708 2629 tamen

361 2664 523 2702 semper
554 2666 629 2690 nec
661 2652 794 2691 omnis
826 2666 901 2692 nec
933 2652 1044 2693 omni
1075 2652 1216 2692 modo:
1255 2652 1403 2705 quibus
1436 2651 1618 2705 exceptis
1651 2651 1708 2690 sic

360 2719 495 2750 utetur
521 2712 605 2752 sale
632 2720 669 2752 ct
697 2713 869 2761 facetiis,
897 2720 941 2753 ut
967 2728 1045 2767 ego
1071 2728 1120 2753 ex
1147 2713 1236 2753 istis
1263 2713 1380 2753 novis
1408 2712 1558 2752 Atticis
1585 2712 1706 2752 talem
