1859 3069
385 202 464 243 198
788 209 836 242 M.
864 207 1041 243 TULLII
1067 208 1328 245 CICERONIS

382 291 561 332 volentia
587 290 724 344 potius
752 303 875 341 quam
901 288 1183 328 misericordia
1206 304 1524 344 prosequamur,
1550 299 1607 341 ut,
1635 306 1735 345 quo-

382 353 665 404 tienscumque
698 351 748 390 de
781 349 1009 390 clarissimo
1034 357 1076 390 et
1098 350 1339 393 beatissimo
1371 353 1458 394 viro
1490 354 1733 408 cogitemus,

340 433 356 456 5
382 415 497 455 illum
526 413 663 468 potius
690 426 813 465 quam
838 419 1003 452 nosmet
1026 411 1140 466 ipsos
1167 412 1337 467 diligere
1363 415 1588 457 videamur.
1638 432 1734 457 nam

382 476 415 515 si
439 475 481 514 id
507 474 713 522 dolemus,
740 473 851 526 quod
876 488 925 514 co
949 473 1031 514 iam
1057 473 1137 514 frui
1162 474 1281 515 nobis
1307 491 1390 515 non
1415 476 1522 526 licet,
1548 486 1734 519 nostrum

381 544 443 577 est
467 536 510 575 id
534 535 688 575 malum
697 552 707 585 3
739 535 852 588 quod
875 536 1037 576 modice
1069 536 1270 585 feramus,
1303 552 1355 577 ne
1380 537 1423 578 id
1447 554 1529 579 non
1557 539 1609 579 ad
1634 541 1735 580 ami-

382 597 538 646 citiam,
576 597 651 638 scd
682 597 735 638 ad
767 596 1036 638 domesticam
1068 598 1287 639 utilitatem
1317 599 1471 640 referre
1502 600 1734 651 videamur3

380 660 464 709 sin,
498 667 709 712 tamquam
734 658 792 699 illi
822 659 902 714 ipsi
929 660 1163 700 acerbitatis
1191 660 1345 713 aliquid
1371 661 1582 711 acciderit,
1621 663 1736 718 angi-

378 736 491 770 mur,
523 736 728 762 summam
754 721 842 762 eius
867 721 1107 762 felicitatem
1131 737 1215 763 non
1243 723 1342 763 satis
1369 731 1488 778 grato
1514 725 1650 766 animo
1674 726 1736 766 in-

381 791 666 838 terpretamur.
741 783 894 824 etenim
931 783 965 823 si
1002 784 1160 825 viveret
1197 784 1250 836 Q.
1288 786 1561 835 Hortensius,
1600 795 1736 828 cetera

379 847 557 887 fortasse
594 845 851 886 desideraret
885 861 968 886 una
1005 860 1099 887 cum
1134 847 1302 900 reliquis
1335 848 1454 889 bouis
1488 856 1527 890 et
1559 849 1734 890 fortibus

378 907 557 956 civibus,
594 906 705 947 hunc
735 915 806 948 aut
834 915 998 963 praeter
1028 916 1186 949 eeteros
1213 917 1283 949 aut
1317 924 1411 950 cum
1441 911 1583 965 paucis
1612 911 1736 951 susti-

378 978 495 1011 neret
520 969 724 1019 dolorem,
763 984 857 1010 cum
882 970 1019 1011 forum
1048 971 1190 1026 populi
1214 971 1412 1021 Romani,
1452 973 1563 1025 quod
1587 973 1735 1014 fuisset

380 1032 499 1086 quasi
536 1031 743 1072 theatrum
779 1032 888 1072 illius
920 1032 1095 1087 ingenii,
1136 1048 1237 1074 voce
1268 1034 1428 1075 erudita
1463 1042 1503 1075 et.
1533 1035 1733 1076 Romanis

380 1095 637 1148 Graecisque
675 1095 842 1135 auribus
877 1095 1003 1150 digna
1035 1095 1257 1150 spoliatum
1294 1104 1416 1149 atque
1454 1097 1643 1137 orbatum
1674 1097 1735 1137 vi-

335 1174 348 1198 7
378 1157 505 1198 deret.
566 1157 760 1210 equidem
792 1172 922 1212 angor
953 1157 1089 1199 animo
1120 1173 1204 1199 non
1236 1159 1414 1207 consilii,
1451 1174 1534 1200 non
1564 1159 1732 1213 ingenii,

379 1234 462 1259 non
493 1219 748 1259 auctoritatis
782 1219 906 1259 armis
945 1234 1067 1274 egere
1104 1235 1193 1260 rem
1228 1220 1454 1275 publicam,
1494 1235 1599 1273 quae
1631 1221 1735 1260 didi-

377 1295 514 1321 ceram
539 1289 714 1322 tractare
741 1282 972 1334 quibusque
992 1296 1057 1322 me
1079 1282 1390 1323 adsuefeccram
1411 1297 1598 1335 quaeque
1619 1292 1735 1323 erant

375 1342 542 1398 propria
569 1357 662 1383 cum
685 1344 935 1398 praestantis
962 1343 1004 1384 in
1027 1360 1072 1385 re
1097 1344 1263 1398 publica
1294 1345 1369 1384 viri
1400 1353 1486 1384 tum
1518 1345 1622 1385 bene
1647 1360 1735 1386 mo-

375 1414 489 1446 ratae
526 1414 567 1446 et
602 1406 708 1446 bene
753 1405 1001 1447 constitutae
1045 1406 1236 1448 civitatis.
1309 1407 1457 1460 quodsi
1498 1407 1576 1447 fuit
1611 1407 1654 1447 in
1688 1422 1733 1448 re

376 1468 542 1522 publiea
578 1476 741 1523 tempus
779 1469 927 1518 ullum,
966 1482 1059 1509 cum
1101 1476 1345 1522 extorquere
1383 1485 1497 1510 arma
1531 1476 1675 1524 posset
1712 1484 1733 1510 0

377 1529 566 1570 manibus
592 1529 791 1570 iratorum
822 1530 974 1571 civium
1003 1531 1103 1572 boni
1134 1531 1235 1572 civis
1271 1531 1491 1572 auctoritas
1518 1540 1559 1572 et
1589 1531 1732 1581 oratio,

378 1600 466 1632 tum
494 1592 682 1646 profecto
719 1592 815 1641 fuit,
854 1606 948 1632 cum
979 1593 1252 1647 patrocinium
1289 1594 1403 1648 pacis
1431 1594 1646 1635 exclusum
1671 1602 1734 1635 est

336 1670 352 1694 8
379 1660 450 1694 aut
480 1668 616 1694 errore
648 1654 861 1694 hominum
893 1663 963 1695 aut
994 1655 1153 1696 timore.
1214 1655 1272 1696 ita
1301 1655 1508 1696 nobismet
1538 1656 1639 1710 ipsis
1667 1670 1733 1696 ac-

377 1715 493 1765 cidit,
530 1724 594 1764 ut,
632 1730 884 1769 quamquam
917 1725 1057 1758 essent
1087 1717 1219 1758 multo
1252 1718 1385 1772 mag-is
1423 1718 1502 1758 alia
1536 1718 1731 1772 lugenda,

378 1785 516 1818 tamen
546 1777 625 1818 hoc
657 1778 911 1827 doleremus,
948 1779 1078 1832 quod,
1117 1793 1198 1832 quo
1229 1788 1413 1835 tempore
1446 1787 1559 1820 aetas
1591 1788 1733 1820 nostra

376 1839 596 1894 perfuncta
630 1840 754 1880 rebus
792 1840 1058 1895 amplissimis
1102 1849 1313 1895 tamquam
1349 1841 1391 1881 in
1433 1850 1598 1896 portum
1635 1856 1732 1882 con-

377 1903 521 1955 fugere
547 1901 715 1942 deberet
739 1917 823 1943 non
847 1903 1018 1944 inertiae
1043 1918 1177 1956 neque
1215 1903 1417 1952 desidiae,
1451 1904 1524 1944 sed
1550 1903 1621 1944 otii
1644 1919 1733 1945 1110-Λ

377 1962 507 2003 derati
551 1970 673 2016 atque
717 1963 899 2013 honesti,
950 1979 1126 2018 cumque
1168 1965 1261 2020 ipsa
1301 1965 1431 2006 oratio
1466 1965 1549 2005 iam
1591 1974 1733 2006 nostra

377 2032 616 2066 canesceret
657 2024 910 2079 haberetque
954 2042 1073 2067 suam
1119 2027 1328 2080 quandam
1371 2027 1651 2068 maturitatem
1693 2036 1733 2068 ct

375 2087 494 2140 quasi
520 2095 795 2138 senectutem,
827 2097 914 2129 tum
941 2104 1055 2130 arma
1081 2097 1177 2130 sunt
1202 2104 1251 2130 ea
1283 2098 1465 2145 sumpta,
1499 2090 1647 2143 quibus
1673 2091 1732 2131 illi

374 2149 473 2203 ipsi,
511 2149 581 2202 qui
618 2149 846 2191 didicerant
884 2151 942 2192 eis
979 2151 1039 2191 uti
1076 2151 1276 2206 gloriose,
1314 2166 1437 2205 quem
1473 2152 1526 2192 ad
1561 2153 1730 2193 modum

334 2228 349 2252 9
376 2211 608 2252 salutariter
643 2220 873 2263 uterentur,
917 2228 1001 2254 non
1036 2214 1311 2268 reperiebant.
1381 2215 1520 2268 itaque
1558 2215 1594 2255 ei
1630 2215 1731 2255 mihi

374 2271 565 2314 videntur
595 2274 802 2316 fortunate
835 2276 1037 2329 beateque
1074 2275 1229 2317 vixisse
1262 2291 1355 2317 cum
1381 2277 1423 2317 in
1455 2276 1600 2318 ceteris
1632 2277 1731 2317 civi-

374 2335 527 2376 tatibus
559 2343 647 2376 tum
682 2337 862 2378 maxime
892 2337 935 2378 in
967 2345 1129 2388 nostra,
1167 2338 1317 2391 quibus
1357 2353 1451 2379 cum
1487 2339 1729 2380 auctoritate

373 2412 592 2451 rerumque
634 2407 846 2453 gestarum
883 2400 1016 2455 gloria
1052 2408 1139 2440 tum
1182 2401 1306 2441 etiam
1344 2401 1570 2456 sapientiae
1606 2401 1729 2442 laude

374 2460 529 2513 perfrui
553 2460 684 2511 licuit;
717 2476 891 2515 quorum
921 2463 1121 2504 memoria
1145 2471 1186 2504 et
1208 2464 1438 2505 recordatio
1464 2464 1506 2505 in
1537 2464 1727 2505 maximis

374 2522 525 2562 nostris
562 2524 904 2578 gravissimisque
942 2525 1050 2565 curis
1087 2525 1267 2566 iucunda
1298 2542 1397 2567 saue
1430 2527 1525 2576 fuit,
1563 2541 1657 2567 cum
1685 2525 1727 2566 in

375 2598 466 2623 eam
490 2600 622 2639 nuper
647 2601 699 2627 ex
725 2602 915 2628 sermone
941 2588 1121 2640 quodam
1145 2588 1449 2630 incidissemus.

326 2641 358 2713 ᾗ)
453 2645 561 2686 Nam
597 2661 691 2687 cum
732 2647 1034 2690 inambularem
1069 2649 1112 2689 in
1147 2658 1270 2704 xysto
1308 2658 1349 2690 et
1390 2665 1524 2691 essem
1568 2649 1725 2691 otiosus

379 2704 508 2754 domi,
539 2707 601 2748 M.
630 2709 682 2748 ad
706 2724 772 2749 me
797 2710 974 2759 Brutus,
1006 2718 1051 2751 ut
1082 2719 1371 2761 consueverat,
1405 2726 1498 2751 cum
1524 2712 1573 2752 T.
1599 2712 1726 2753 Pom-

334 784 355 854 <nto
