1859 3069
576 180 643 214 DE
671 178 909 213 ORATORE
934 178 1004 212 III.
1032 177 1232 211 102-110.
1501 168 1577 208 167

230 278 353 316 quain
389 262 543 316 proprii
580 275 798 301 causarum
830 268 870 300 et
900 259 1161 299 inhaerentes
1193 258 1235 298 in
1266 274 1405 298 earum
1443 257 1580 298 nervis

231 339 322 365 csse
349 324 517 372 debent,
557 331 694 363 tamen
731 322 827 374 quia
853 321 902 361 dc
928 321 1122 361 universa
1157 335 1201 360 rc
1237 320 1402 360 tractari
1435 319 1580 365 solent,

231 401 469 426 communes
497 401 519 425 a
545 385 753 425 veteribus
780 383 978 424 nominati
1004 390 1117 431 sunt3
1143 396 1317 435 quorum
1336 381 1484 436 partim
1510 381 1582 421 ha-

232 450 329 488 bent
353 448 544 488 vitiorum
571 456 611 488 et
636 458 899 502 peecatorum
926 459 1061 486 aerem
1087 444 1293 497 quandam
1319 458 1412 484 euni
1438 443 1583 497 ampli-

231 510 420 550 ficatione
457 509 755 550 incusationem
793 517 863 548 aut
888 507 1131 560 querellam,
1170 515 1313 547 contra
1349 521 1472 559 quani
1504 505 1582 545 dici

232 572 332 612 nihil
359 572 464 612 solet
494 586 569 611 nec
599 580 755 626 potest,
794 579 838 610 ut
868 569 910 609 in
941 569 1292 623 depeculatorem,
1329 568 1371 608 in
1401 567 1584 622 prodito-

232 649 336 682 rem,
380 634 422 674 in
459 633 724 688 parricidam3
770 632 918 684 quibus
954 631 1013 671 uti
1051 631 1300 671 confirmatis
1345 629 1582 670 criminibus

233 704 411 750 oportet,
451 696 567 736 aliter
593 695 702 735 enim
726 694 851 734 ieiuni
878 700 973 733 sunt
998 700 1119 745 atque
1151 693 1314 742 inanes3
1353 693 1420 733 alii
1446 699 1582 732 autem

234 757 385 797 habent
422 757 753 812 deprecationem
785 762 855 795 aut
884 754 1208 803 miserationen13
1247 754 1314 794 alii
1345 770 1442 794 vero
1474 753 1584 794 anci-

234 819 327 873 pitis
371 818 693 873 disputationes,
743 817 785 856 in
827 816 976 869 quibus
1019 816 1069 856 de
1112 815 1306 856 universo
1348 830 1499 870 genere
1542 815 1583 854 in

233 892 446 933 utramque
482 888 640 934 partem
677 878 825 918 disseri
862 877 1027 931 copiose
1059 877 1171 926 lieet3
1209 891 1314 929 quae
1347 877 1583 917 exercitatio

234 956 341 981 nunc
375 941 542 996 propria
578 941 751 980 duarum
792 938 1169 994 philosophiarum,
1215 939 1264 978 de
1302 938 1451 990 quibus
1489 947 1583 978 ante

233 1003 335 1052 dixi,
361 1011 546 1057 putatur,
574 1003 685 1056 apud
710 1001 900 1053 antiquos
927 1007 1014 1040 erat
1039 1015 1199 1047 eorum,
1226 1016 1249 1040 a
1274 1000 1423 1052 quibus
1450 1000 1583 1040 omnis

230 1066 280 1105 de
304 1065 428 1105 rebus
465 1064 700 1105 forensibus
728 1063 891 1104 dicendi
916 1062 1019 1103 ratio
1046 1070 1084 1103 et
1112 1062 1231 1116 copia
1257 1062 1493 1116 petebatur3
1533 1062 1583 1101 de

232 1127 378 1167 virtute
404 1126 532 1175 enim,
566 1126 615 1166 de
642 1126 797 1174 officio,
837 1125 887 1165 dc
915 1139 1047 1177 aequo
1074 1133 1113 1164 ct
1137 1125 1265 1169 bono,
1293 1123 1343 1163 dc
1370 1123 1582 1177 dignitate,

230 1188 422 1237 utilitate,
460 1188 635 1237 honore,
673 1187 919 1242 ignominia,
956 1186 1158 1241 praemio,
1196 1200 1331 1240 poena
1362 1184 1585 1225 similibus-

229 1266 308 1303 que
329 1251 379 1291 de
399 1251 522 1290 rebus
543 1250 585 1290 in
601 1258 818 1303 utramque
837 1257 997 1305 partem
1017 1248 1179 1289 dicendi
1199 1247 1357 1288 animos
1378 1255 1418 1287 et,
1437 1247 1520 1286 vim
1545 1256 1586 1286 ct.

231 1321 359 1352 artem
384 1312 535 1353 habere
573 1312 791 1361 debemus3
831 1311 905 1352 sed
936 1310 1132 1364 quoniam
1164 1310 1214 1351 de
1246 1318 1387 1350 nostra
1418 1324 1585 1363 posses-

232 1374 344 1414 sione
372 1374 534 1428 depulsi
559 1374 600 1413 in
625 1389 753 1428 parvo
779 1381 820 1414 et
844 1388 892 1414 eo
917 1372 1098 1427 litigioso
1122 1372 1334 1426 praediolo
1359 1370 1490 1411 relicti
1516 1386 1585 1410 su-

232 1452 323 1477 mus
350 1444 391 1476 et
416 1436 588 1476 aliorum
612 1435 774 1490 patroni
799 1443 941 1476 nostra
965 1444 1104 1475 tenere
1130 1434 1316 1486 tuerique
1341 1448 1424 1473 non
1448 1433 1584 1487 potui—

231 1514 341 1547 mus,
368 1499 419 1538 ab
446 1499 518 1547 eis,
545 1499 656 1551 quod
679 1497 1013 1552 indignissimum
1039 1505 1114 1545 est,
1142 1496 1210 1549 qui
1234 1495 1277 1536 in
1300 1503 1487 1536 nostrum
1512 1510 1585 1549 pa-

231 1560 466 1600 trimonium
502 1560 762 1615 inruperunt,
801 1559 912 1612 quod
942 1574 1046 1613 opus
1079 1568 1142 1598 est
1176 1557 1296 1598 nobis
1333 1566 1581 1597 mutuemur.

231 1623 371 1662 dicunt
395 1622 520 1677 igitur
544 1637 654 1662 nunc
678 1622 844 1675 quidem
870 1621 941 1669 illi,
968 1620 1037 1673 qui
1063 1636 1113 1661 ex
1138 1619 1339 1675 particula
1363 1634 1492 1674 parva
1516 1634 1583 1658 ur—

231 1684 293 1724 bis
331 1699 378 1724 ac
413 1684 493 1724 loci
524 1699 675 1724 nomen
701 1684 854 1724 habent
886 1693 923 1723 ct
948 1681 1216 1737 Peripatetici
1252 1680 1488 1736 philosophi
1513 1689 1583 1720 aut

230 1745 472 1786 Academici
497 1745 777 1793 nominantur,
815 1744 911 1785 olini
938 1752 1075 1784 autem
1100 1752 1267 1798 propter
1303 1742 1496 1782 eximiam
1520 1757 1585 1782 re-

230 1822 319 1847 rum
350 1808 624 1847 maximarum
662 1807 877 1848 seientiam
909 1822 933 1847 a
959 1805 1131 1847 Graecis
1162 1804 1319 1860 politici
1348 1804 1583 1859 philosophi

231 1869 425 1923 appellati
460 1869 749 1909 universarum
787 1884 923 1909 rerum
966 1867 1225 1923 publicarum
1262 1866 1427 1906 nomine
1462 1880 1585 1907 voca-

232 1932 393 1979 bantur,
420 1946 584 1971 omnem
609 1931 772 1971 civilem
798 1930 1027 1971 orationem
1050 1929 1093 1969 in
1118 1929 1264 1970 horum
1292 1928 1487 1968 alterutro
1513 1943 1585 1982 ge-

233 2007 327 2032 nere
353 1992 527 2033 versari:
565 2001 635 2033 aut
660 1993 710 2033 de
736 1993 851 2033 finita
876 1991 1158 2033 controversia
1182 1989 1303 2031 certis
1329 1989 1583 2043 temporibus

233 2068 279 2093 ac
304 2053 404 2102 reis3
435 2054 513 2094 hoc
538 2055 679 2095 modo:
716 2055 931 2109 placeatne
958 2069 982 2094 a
1005 2051 1429 2107 Karthaginiensibus
1456 2051 1584 2105 capti-

234 2130 305 2155 vos
331 2122 495 2156 nostros
526 2116 696 2157 redditis
731 2116 816 2156 suis
846 2115 1105 2170 recuperari?
1143 2121 1213 2154 aut
1237 2113 1392 2153 infinite
1419 2113 1468 2152 de
1494 2112 1584 2152 uni-

235 2192 352 2217 verso
390 2192 540 2231 genere
578 2178 831 2231 quaerentis:
875 2178 975 2230 qnid
1010 2176 1177 2218 omnino
1215 2176 1265 2216 de
1303 2174 1465 2230 captivo
1503 2182 1585 2214 sta-

234 2238 432 2278 tuendum
457 2253 504 2279 ae
530 2239 790 2280 sentiendum
818 2239 894 2280 sit?
931 2247 1053 2292 atque
1086 2238 1233 2278 horum
1270 2236 1458 2291 superius
1484 2235 1585 2276 illud

232 2316 364 2355 genus
398 2315 565 2341 causan]
602 2309 672 2341 aut
709 2301 1032 2342 controversiam
1071 2300 1280 2355 appellant
1317 2313 1489 2352 eamque
1515 2299 1585 2339 tri-

232 2363 328 2409 bus,
354 2362 423 2402 lite
449 2370 519 2402 aut
544 2363 837 2404 deliberatione
863 2370 934 2403 aut
957 2362 1212 2410 laudatione,
1240 2360 1456 2409 definiunt3
1483 2360 1584 2401 haee

233 2432 369 2464 autem
395 2424 523 2465 altera
547 2425 734 2478 quaestio
755 2425 915 2465 infinita
939 2432 980 2465 et
1004 2423 1123 2477 quasi
1145 2423 1359 2478 proposita
1377 2423 1585 2463 consulta-

232 2486 286 2526 tio
308 2486 561 2535 noininatur3
588 2496 710 2540 atque
729 2485 947 2541 [hactenus
968 2483 1208 2539 loquuntur]
1226 2485 1303 2525 hae
1322 2484 1445 2526 etiam
1459 2484 1500 2524 in
1522 2484 1583 2524 in-

233 2548 438 2589 stituendo
454 2549 655 2590 divisione
675 2556 856 2597 utuntur,
878 2548 1038 2597 sed-ita,
1059 2563 1142 2588 non
1161 2556 1207 2587 ut
1224 2547 1311 2588 iure
1332 2555 1400 2587 aut
1419 2546 1582 2595 iudicio,

234 2611 272 2650 vi
315 2611 492 2663 denique
533 2626 779 2666 recuperare
821 2610 1018 2651 amissam
1058 2609 1386 2665 possessionem,
1429 2609 1503 2650 sed
1538 2618 1583 2649 ut

234 2670 337 2725 [iure
360 2671 486 2728 civili]
509 2674 672 2714 surculo
698 2672 970 2728 defringendo
995 2687 1196 2727 usurpare
1221 2671 1449 2712 videantur.
1487 2687 1582 2711 nam

1610 708 1656 732 la?

1611 1328 1658 1350 10³

1608 1618 1652 1650 28

1612 1665 1657 1689 109

1607 2504 1656 2527 111)
