1859 3069
315 617 349 641 49

309 1459 352 1492 1ss

314 2524 347 2548 53

381 203 463 245 288
784 211 833 245 M.
863 210 1040 245 TttLLn
1068 209 1332 247 CICERONJS

380 292 575 347 ingeniis,
614 291 672 332 eis
707 290 970 345 praesertim,
1008 304 1114 344 quae
1151 291 1378 346 disciplinis
1415 294 1578 335 exculta
1616 302 1730 344 sunt3

382 354 456 394 sed
490 362 535 393 ut
573 359 736 406 segetes
779 351 983 392 fecundae
1020 359 1061 392 ct
1095 352 1245 393 uberes
1281 368 1366 395 non
1408 354 1542 396 solum
1576 355 1732 411 frugeS,

381 430 523 455 verum
566 413 715 453 herbas
753 413 877 454 etiam
920 414 1140 455 effundunt
1180 414 1486 457 inimicissimas
1528 418 1732 472 frugibus,

382 477 441 516 sic
465 474 670 515 interdum
696 489 747 515 ex
779 474 858 515 illis
896 475 997 516 locis
1031 483 1101 516 aut
1130 476 1238 517 levia
1275 478 1478 530 quaedam
1503 486 1572 519 aut
1597 480 1732 520 causis

381 537 513 577 aliena
539 544 609 576 aut
632 550 716 576 non
740 536 857 577 utilia
893 537 1138 592 gignuntur3
1180 536 1374 592 [quorum
1399 539 1450 579 ab
1475 541 1647 580 oratoris
1672 541 1734 580 iu-

381 598 486 638 dicio
513 597 695 638 delectus
721 613 897 653 magnus
925 598 1224 654 adhibebitur,]
1267 599 1466 655 [quonam
1490 600 1633 656 modo]
1666 602 1733 642 illc

378 659 420 699 in
461 658 580 700 bonis
624 658 809 700 haerebit
850 667 891 700 et
933 660 1135 701 habitabit
1177 661 1281 711 suis,
1325 669 1395 702 aut
1435 662 1593 704 molliet
1633 663 1735 704 dura

379 728 449 761 aut
491 720 715 761 occultabit
757 735 863 774 quae
906 722 1006 762 dilui
1048 738 1131 763 non
1171 730 1366 778 poterunt
1409 731 1531 777 atque
1568 725 1734 766 omnino

378 784 601 838 opprimet,
639 783 674 824 si
709 784 868 833 licebit,
906 792 976 825 aut
1012 785 1189 826 abducet
1220 786 1378 827 animos
1416 793 1485 827 aut
1521 786 1633 827 aliud
1663 787 1735 827 ad-

378 845 501 895 feret,
541 845 654 899 quod
690 845 926 901 oppositum
961 847 1216 901 probabilius
1251 847 1303 889 sit
1333 862 1456 901 quam
1486 848 1588 888 illud
1624 848 1735 902 quod

378 907 574 948 obstabit.

459 968 550 1009 Iam
574 983 673 1010 vero
704 984 770 1019 ea,
809 983 915 1023 quae
944 970 1165 1020 invenerit,
1206 969 1306 1026 [qua
1336 970 1567 1026 diligentia]
1595 971 1734 1012 conlo-

379 1029 506 1079 cabit,
552 1030 746 1084 quoniam
781 1031 825 1072 id
862 1032 1091 1072 secundum
1127 1040 1214 1073 erat
1251 1033 1301 1074 de
1337 1033 1487 1075 tribus:
1530 1033 1735 1073 vestibula

378 1092 571 1132 nimirum
607 1093 783 1134 honesta
819 1093 1037 1146 aditusque
1075 1094 1127 1135 ad
1164 1108 1333 1135 causam
1369 1095 1493 1135 faciet
1528 1095 1731 1144 inlustris3

378 1168 554 1207 cumque
592 1154 752 1196 animos
783 1155 916 1210 prima
946 1155 1215 1209 adgressione
1241 1156 1523 1211 occupaverit,
1560 1172 1642 1198 rem
1667 1171 1733 1197 esc-

374 1224 513 1271 ponet,
550 1232 623 1256 sua
660 1218 927 1272 corfirmabit,
967 1226 1049 1258 tum
1085 1218 1307 1259 infirmabit
1332 1219 1605 1272 excludetque
1636 1233 1734 1260 con-

376 1276 519 1326 traria;
547 1278 597 1318 de
622 1278 871 1320 firmissimis
901 1279 981 1320 alia
1004 1279 1138 1334 prima
1161 1287 1307 1334 ponet,
1335 1280 1414 1321 alia
1438 1288 1648 1335 postrema
1672 1280 1733 1321 in-

376 1338 637 1392 culcabitque
662 1339 855 1381 leviora*
886 1340 908 1361 *
938 1340 960 1361 ³⁸⁶

458 1401 598 1453 Atque
623 1402 665 1441 in
689 1402 832 1456 primis
860 1402 1020 1443 duabus
1047 1402 1210 1444 dicendi
1240 1403 1425 1458 partibus
1458 1404 1590 1457 qualis
1622 1412 1734 1445 esset

379 1462 616 1503 summatim
640 1464 901 1518 breviterque
927 1465 1242 1520 descripsimus:
1270 1466 1362 1515 sed,
1388 1473 1434 1506 ut
1459 1474 1552 1507 ante
1579 1466 1732 1507 dietum

378 1530 458 1572 est,
490 1523 532 1564 in
557 1524 620 1565 his
645 1526 850 1579 partibus,
885 1527 963 1567 etsi
987 1541 1136 1581 graves
1163 1534 1285 1580 atque
1309 1542 1486 1582 magnae
1513 1535 1626 1577 sunt,
1656 1528 1733 1568 mi-

376 1599 454 1624 nus
480 1592 520 1625 et
545 1586 642 1627 artis
669 1594 732 1627 est
757 1595 797 1628 et
820 1588 972 1629 laboris
982 1605 992 1637 3
1031 1603 1125 1628 cum
1163 1597 1298 1630 autem
1331 1590 1429 1643 quid
1462 1596 1504 1630 et
1528 1603 1608 1643 quo
1640 1589 1731 1630 loco

377 1645 487 1686 dicat
510 1647 726 1698 invenerit,
751 1649 854 1690 illud
878 1658 942 1690 cst
966 1650 1089 1704 longe
1114 1650 1360 1699 maximum,
1387 1651 1527 1692 videre
1553 1665 1732 1704 quonam

376 1707 519 1757 modo;
559 1709 707 1749 scitum
745 1718 807 1750 est
844 1711 971 1760 enim,
1009 1712 1120 1764 quod
1152 1710 1392 1753 Carneades
1424 1721 1565 1753 noster
1595 1713 1731 1754 dicere

377 1768 555 1819 solebat,
590 1770 897 1812 Clitomachum
922 1772 1067 1813 eadem
1093 1772 1248 1822 dicere,
1288 1772 1567 1814 Charmadam
1594 1782 1731 1814 autem

376 1830 523 1871 eodem
548 1832 672 1872 etiam
696 1833 820 1874 modo
846 1833 994 1874 dicere.
1046 1834 1194 1886 quodsi
1217 1834 1260 1875 in
1284 1835 1546 1889 philosophia
1571 1842 1730 1875 tantum

375 1891 547 1933 interest
572 1908 695 1946 quem
727 1895 780 1934 ad
811 1895 982 1935 modum
1019 1896 1152 1945 dicas,
1188 1896 1259 1937 ubi
1283 1912 1349 1937 res
1383 1906 1610 1951 spectatur,
1646 1912 1729 1938 non

377 1953 504 1995 verba
538 1956 793 2009 penduntur,
831 1957 929 2010 quid
964 1957 1132 1998 tandem
1162 1958 1204 1997 in
1236 1958 1372 1999 causis
1411 1958 1730 1999 existimandum

332 2048 346 2056 .
378 2022 459 2065 cst,
498 2018 647 2070 quibus
686 2019 781 2060 totis
819 2020 1056 2060 moderatur
1093 2020 1250 2061 oratio?
1287 2020 1398 2074 quod
1434 2020 1600 2073 quidem
1637 2036 1728 2075 ego,

376 2076 527 2128 Brute,
567 2095 619 2120 cx
656 2081 736 2121 tuis
773 2081 919 2122 litteris
958 2081 1206 2131 sentiebam,
1243 2097 1327 2123 non
1362 2090 1401 2124 te
1437 2083 1479 2122 id
1516 2082 1728 2132 sciscitari,

376 2140 540 2191 qualem
564 2156 642 2198 ego
667 2142 710 2182 in
733 2142 981 2184 inveniendo
1008 2152 1046 2184 et
1072 2143 1115 2184 in
1135 2143 1388 2185 conlocando
1410 2159 1617 2185 summum
1636 2159 1729 2186 esse

375 2210 580 2244 oratorem
615 2204 784 2254 vellem,
824 2205 898 2245 scd
928 2205 971 2245 id
1001 2205 1103 2246 mihi
1133 2220 1330 2259 quaerere
1367 2206 1581 2255 videbare,
1619 2206 1729 2259 quod

374 2279 506 2318 genus
532 2265 661 2321 ipsius
682 2267 876 2308 orationis
904 2267 1104 2322 optimum
1123 2268 1367 2309 iudicarem:
1392 2283 1479 2309 rem
1505 2268 1727 2317 difficilem,

376 2327 417 2367 di
440 2327 712 2379 immortales,
739 2337 862 2383 atque
887 2330 1071 2371 omnium
1097 2330 1400 2371 difficillimam:
1425 2346 1522 2371 nam
1547 2344 1641 2370 cum
1666 2337 1729 2371 est

375 2390 503 2431 oratio
528 2391 663 2432 mollis
690 2400 729 2432 ct
754 2399 897 2433 tenera
931 2400 972 2433 et
995 2392 1053 2433 ita
1076 2392 1288 2442 flexibilis,
1325 2399 1371 2432 ut
1396 2399 1591 2445 sequatur
1627 2406 1728 2445 quo-

376 2465 550 2505 cumque
565 2460 772 2506 torqueas,
793 2461 881 2494 tum
902 2461 942 2495 et
961 2461 1132 2495 naturae
1153 2455 1290 2495 variae
1312 2461 1353 2495 et
1371 2454 1605 2495 voluntates
1623 2453 1728 2493 mul-

379 2520 464 2554 tum
489 2514 595 2555 inter
621 2530 664 2556 se
692 2515 887 2556 distantia
917 2516 1144 2556 effecerunt
1176 2531 1330 2570 genera
1356 2515 1536 2556 dicendi:
1573 2515 1727 2555 flumen

378 2574 466 2615 aliis
503 2577 724 2617 verborum
760 2577 1079 2630 volubilitasque
1116 2577 1230 2618 cordi
1266 2585 1348 2626 est,
1386 2576 1455 2630 qui
1491 2582 1650 2631 ponunt
1684 2575 1726 2615 in

378 2636 572 2678 orationis
604 2638 811 2680 celeritate
847 2639 1144 2692 eloquentiam3
1182 2639 1374 2680 distincta
1406 2638 1507 2679 alios
1533 2645 1573 2678 et
1602 2637 1724 2677 inter-

381 2705 533 2751 puncta
556 2698 782 2749 imet-valla,
809 2715 948 2742 morae
972 2700 1348 2756 respirationesque
1374 2699 1590 2741 delectant.
1627 2697 1726 2750 quid
