1859 3069
586 226 794 262 ORATOR
818 227 974 262 58—67.
1374 217 1454 258 291

110 320 246 353 tamen
277 311 425 351 horum
461 309 591 351 oratio
622 324 755 362 neque
786 322 936 349 nervos
973 321 1107 360 neque
1133 306 1298 347 aculeos
1324 315 1459 347 orato-

106 374 186 415 rios
220 387 267 414 ac
297 372 473 413 forensis
510 372 647 412 habet.
706 372 930 424 loquuntur
966 384 1060 410 cum
1096 369 1246 418 doctis,
1284 383 1457 421 quorum

107 436 251 477 sedare
278 434 436 475 animos
462 434 619 474 malunt
646 448 769 486 quam
805 433 994 480 incitare3
1036 430 1114 486 [sic
1139 431 1189 471 de
1214 431 1337 470 rebus
1368 430 1455 485 pla-

107 498 208 538 catis
235 512 282 537 ac
307 496 474 537 minime
501 495 766 551 turbulentis]
794 494 969 535 docendi
994 509 1138 541 causa,
1163 508 1247 534 non
1272 492 1459 547 capiendi

110 558 390 614 [loquuntur],
428 566 471 598 ut
498 558 540 598 in
565 574 613 599 eo
644 558 754 612 ipso,
794 557 904 610 quod
936 556 1250 605 delectationem
1283 554 1460 607 aliquam

108 621 282 661 dicendo
321 628 597 674 aucupentur,
635 620 728 675 plus
765 634 847 659 non
884 618 1007 658 nullis
1040 632 1163 671 quam
1200 631 1372 657 necesse
1410 616 1461 656 sit

108 684 243 723 facere
279 682 514 722 videantur:
553 696 651 736 ergo
684 682 735 721 ab
772 681 850 721 hoo
887 695 1037 735 genere
1073 695 1155 720 non
1193 679 1359 719 difficile
1399 686 1463 719 est

108 745 214 785 hane
240 744 529 797 eloquentiam,
557 744 607 783 de
634 758 715 796 qua
739 757 848 782 nunc
874 743 1021 797 agitur,
1050 756 1276 782 secernere.
1325 740 1460 781 mollis

109 815 172 847 est
198 807 307 847 enim
332 806 462 847 oratio
493 805 836 860 philosophorum
863 813 903 844 et
927 804 1157 844 umbratilis
1189 818 1266 844 neo
1298 812 1462 843 senten-

109 869 174 908 tiis
200 882 278 908 nec
303 867 440 908 verbis
471 866 672 906 instructa
701 866 971 920 popularibus
997 879 1074 906 nec
1098 865 1237 905 vincta
1265 864 1461 913 numeris,

109 930 183 970 sed
220 929 354 969 soluta
388 927 578 976 liberius3
622 927 723 967 nihil
759 927 908 967 iratum
945 927 1088 975 habet,
1125 926 1227 966 nihil
1264 926 1462 974 invidum,

107 992 209 1031 nihil
235 1000 370 1039 atrox,
402 990 503 1029 nihil
528 989 785 1037 miserabile,
822 989 924 1028 nihil
950 996 1150 1037 astutum3
1182 996 1316 1036 casta,
1348 1002 1464 1028 vere-

108 1052 259 1101 cunda,
287 1052 404 1106 virgo
428 1051 666 1105 incorrupta
691 1051 871 1103 quodam
897 1050 1020 1091 modo
1029 1067 1039 1099 3
1065 1050 1204 1103 itaque
1230 1064 1365 1090 sermo
1390 1063 1464 1103 po-

108 1114 187 1154 tius
213 1128 337 1167 quam
362 1113 492 1154 oratio
520 1113 685 1153 dieitur:
723 1126 975 1165 quamquam
1006 1112 1115 1152 enim
1141 1111 1274 1153 omnis
1312 1110 1464 1151 locutio

107 1175 236 1216 oratio
258 1183 333 1224 est,
349 1185 487 1215 tamen
506 1174 628 1215 unius
649 1175 823 1215 oratoris
845 1174 996 1215 locutio
1018 1174 1096 1215 hoc
1114 1173 1281 1229 proprio
1302 1173 1466 1228 signata

107 1237 273 1278 nomine
299 1244 374 1278 est.
436 1236 734 1291 sophistarum,
774 1237 824 1277 de
856 1237 1004 1290 quibus
1039 1251 1164 1291 supra
1189 1235 1292 1285 dixi,
1329 1235 1463 1290 magis

109 1299 403 1353 distinguenda,
440 1299 664 1339 similitudo
701 1298 882 1348 videtur,
921 1298 991 1352 qui
1021 1313 1165 1339 omnes
1199 1298 1368 1339 eosdem
1393 1312 1466 1337 vo-

108 1361 198 1401 lunt
222 1361 364 1407 flores,
391 1375 493 1413 quos
521 1360 690 1401 adhibet
715 1369 852 1401 orator
876 1361 918 1401 in
945 1360 1102 1409 causis,
1138 1359 1352 1415 persequi3
1391 1359 1465 1399 sed

110 1423 188 1463 hoc
213 1423 407 1462 differunt
417 1453 427 1471 ,
466 1422 594 1475 quod,
632 1436 726 1462 cum
753 1422 805 1462 sit
830 1422 888 1463 eis
914 1422 1173 1477 propositum
1198 1437 1281 1462 non
1306 1428 1466 1476 pertur-

112 1485 208 1525 bare
249 1484 428 1532 animos,
477 1484 552 1524 sed
592 1484 757 1538 placare
799 1484 937 1539 potius
975 1499 1052 1525 nee
1089 1492 1174 1524 tam
1213 1483 1464 1538 persuadere

110 1562 234 1601 quam
260 1547 484 1596 delectare,
522 1556 562 1587 et
587 1547 769 1601 apertius
800 1547 843 1587 id
868 1547 1025 1587 faciunt
1056 1561 1179 1599 quam
1205 1560 1280 1586 nos
1313 1553 1354 1586 et
1378 1559 1466 1585 cre-

111 1610 242 1657 brius,
282 1609 504 1650 concinnas
541 1609 676 1662 magis
710 1609 936 1649 sententias
969 1608 1192 1661 exquirunt
1222 1621 1346 1660 quam
1369 1621 1466 1661 pro-

109 1671 277 1719 babilis,
315 1686 339 1711 a
373 1685 417 1711 re
457 1685 580 1724 saepe
616 1670 853 1719 discedunt,
890 1671 1081 1710 intexunt
1117 1669 1301 1718 fabulas,
1340 1669 1467 1709 verba

111 1733 291 1788 apertius
335 1732 589 1772 transferunt
631 1747 761 1785 eaque
806 1732 863 1772 ita
907 1733 1150 1787 disponunt,
1199 1738 1245 1771 ut
1286 1731 1465 1786 pictores

111 1795 350 1836 varietatem
377 1795 579 1843 colorum,
606 1794 723 1849 paria
746 1795 914 1849 paribus
941 1795 1139 1843 referunt,
1166 1794 1343 1834 adversa
1367 1807 1465 1833 eon-

111 1857 263 1906 trariis‚
303 1857 632 1911 saepissimeque
659 1856 846 1896 similiter
883 1866 1068 1897 extrema
1099 1855 1311 1896 definiunt.
1372 1854 1466 1894 huic

111 1919 252 1974 generi
278 1919 451 1959 historia
475 1919 649 1959 finitima
673 1926 755 1967 est,
793 1918 834 1958 111
861 1933 942 1972 qua
967 1926 1008 1958 et
1039 1926 1228 1957 narratur
1259 1924 1401 1957 ornate
1427 1923 1467 1956 et

111 1981 225 2035 regio
259 1995 383 2035 saepe
415 1988 485 2020 aut
515 1996 658 2035 pugna
694 1980 957 2029 describitur3
995 1980 1313 2034 interpommtur
1344 1978 1468 2019 etiam

113 2043 325 2084 contiones
359 2050 398 2082 et
434 2042 707 2092 hortationes,
747 2043 822 2083 sed
851 2043 892 2082 in
924 2042 987 2082 his
1026 2049 1157 2081 tracta
1194 2040 1398 2093 quaedam
1429 2048 1470 2080 et

114 2105 245 2144 fluens
271 2103 495 2159 expetitur,
534 2120 618 2145 non
643 2104 745 2144 haec
782 2113 971 2145 contorta
996 2112 1036 2144 et
1062 2102 1166 2143 acris
1200 2102 1342 2143 oratio.
1369 2101 1390 2122 ἦε
1417 2103 1469 2142 ab

114 2167 177 2207 his
214 2181 297 2206 non
340 2166 470 2206 multo
514 2181 634 2207 secus
678 2181 803 2219 quam
840 2182 863 2207 a
899 2166 1033 2221 po'e’tis
1076 2165 1179 2205 haee
1222 2164 1467 2217 eloquentia,

115 2242 238 2280 quam
264 2227 512 2280 quaerimus,
540 2229 775 2268 sevocanda
794 2235 876 2278 est3
907 2243 1004 2268 nam
1030 2227 1153 2267 etiam
1172 2230 1319 2281 poetae
1345 2240 1470 2278 quae—

116 2290 293 2330 stionem
318 2289 559 2338 attulerunt,
597 2290 795 2343 quidnam
827 2298 939 2331 esset
963 2289 1083 2337 illud,
1122 2303 1202 2341 quo
1226 2288 1306 2342 ipsi
1332 2288 1471 2328 differ-

82 2358 206 2409 ·rent
243 2351 294 2390 ab
331 2351 582 2399 oratoribus3
625 2366 797 2392 numero
840 2351 1020 2391 maxime
1063 2350 1309 2390 videbantur
1350 2358 1472 2390 antea

116 2421 156 2453 et
181 2427 322 2461 versu3
361 2427 470 2452 nuno
508 2413 618 2467 apud
653 2421 837 2454 oratores
874 2413 955 2454 iam
992 2413 1082 2467 ipse
1117 2426 1313 2453 numerus
1338 2411 1471 2452 incre-

117 2475 221 2515 buit:
277 2474 472 2527 quiequid
508 2484 571 2515 est
607 2475 735 2525 enim,
774 2476 886 2529 quod
922 2476 999 2516 sub
1037 2474 1196 2515 aurium
1231 2489 1469 2514 mensuram

117 2538 296 2590 aliquam
321 2537 458 2585 eadat,
498 2537 659 2578 etiamsi
684 2538 802 2578 abest
828 2554 852 2578 a
876 2553 999 2578 versu
1023 2560 1080 2566 —-
1102 2552 1199 2576 nam
1223 2536 1266 2576 id
1303 2536 1468 2589 quidem

116 2599 313 2639 orationis
352 2606 416 2639 est
452 2598 596 2639 vitium
633 2623 690 2628 -—-
724 2614 922 2640 numerus
968 2606 1156 2647 vocatur,
1200 2598 1270 2651 qui
1308 2598 1468 2639 Graece

117 2659 288 2717 ῥυθμὸς
314 2661 476 2702 dicitur.
525 2661 663 2714 itaque
688 2658 809 2703 video
836 2662 970 2702 visum
996 2676 1089 2702 esse
1107 2676 1191 2702 non
1209 2660 1346 2709 nullis,
1371 2661 1470 2701 Pla-

116 2724 223 2764 tonis
251 2732 291 2764 et
316 2723 548 2764 Democriti
572 2723 842 2773 locutionem,
869 2724 946 2765 etsi
973 2723 1080 2764 absit
1105 2739 1129 2764 a
1153 2738 1289 2772 versu,
1316 2731 1467 2771 tamen,

1180 2791 1244 2822 19*

1489 388 1520 413 63

1493 755 1523 779 64

1495 1249 1527 1273 05

1491 1852 1535 1885 20

1497 1900 1530 1923 06

1500 2492 1530 2517 (37
