1859 3069
351 221 418 256 DE
446 220 684 256 ORATORE
711 221 738 255 I.
765 219 966 254 262—265.
995 219 1042 253 II.
1069 219 1178 252 1—3.
1384 209 1438 250 59

433 494 496 535 M.
528 493 743 536 TULLII
775 491 1098 534 CICERONIS

181 563 265 604 DE
298 562 591 604 ORATORE
622 562 707 602 AD
740 560 888 612 QUIN
891 561 1024 603 TUM
1051 560 1345 602 FRATREM

508 671 685 706 LIBER
710 670 1033 707 SECUNDUS.

170 801 331 855 BIagna
355 799 473 840 nobis
498 797 656 853 pueris,
683 797 837 850 Quinte
862 798 1005 847 frater,
1033 797 1067 838 si
1092 796 1289 838 memoria
1313 803 1442 847 tenes,

93 863 231 917 opinio
273 861 350 902 fuit
389 862 442 902 L.
488 860 690 901 Crassum
730 875 814 901 non
854 860 948 914 plus
992 859 1178 914 attigisse
1221 860 1442 909 doctrinae,

93 939 217 977 quam
253 930 452 976 quantum
486 922 621 977 prima
655 922 726 961 illa
761 921 906 977 puerili
937 921 1191 962 institutione
1220 921 1442 976 potuisset3

91 987 154 1028 M.
193 994 329 1026 autem
365 985 595 1027 Antonium
632 985 798 1025 omnino
843 984 976 1025 omnis
1020 984 1260 1025 eruditionis
1298 999 1444 1039 exper-

92 1056 176 1089 tem
212 1056 335 1101 atque
370 1048 560 1102 ignarum
597 1047 745 1095 fuisse3
789 1054 986 1099 erantque
1023 1046 1140 1086 multi
1175 1046 1263 1099 qui,
1301 1061 1444 1099 quam-

93 1125 216 1163 quam
246 1125 330 1150 non
354 1108 412 1150 ita
445 1124 488 1149 se
513 1123 601 1149 rem
633 1108 786 1149 habere
820 1109 1131 1156 arbitrarentur,
1170 1116 1325 1157 tamen,
1363 1123 1443 1161 quo

92 1173 253 1213 facilius
286 1187 361 1213 nos
392 1172 584 1212 incensos
619 1171 753 1211 studio
791 1171 975 1211 discendi
1002 1186 1025 1210 a
1051 1170 1235 1210 doctrina
1265 1171 1444 1210 deterre-

91 1242 201 1283 rent,
233 1233 492 1293 libentcrtid,
526 1234 636 1286 quod
662 1233 764 1281 dixi,
797 1234 847 1273 de
872 1233 952 1272 illis
979 1233 1207 1273 oratoribus
1233 1232 1444 1287 praedica-

93 1303 203 1345 rent,
229 1303 290 1345 ut,
318 1295 353 1348 si
377 1295 564 1336 homines
590 1310 674 1335 non
699 1295 847 1335 eruditi
873 1310 1077 1335 summam
1103 1302 1243 1334 essent:
1265 1294 1445 1348 pruden-

94 1358 193 1399 tiam
229 1366 351 1411 atque
392 1357 676 1397 incredibilem
718 1356 994 1410 eloquentiam
1038 1356 1266 1404 consecuti,
1310 1356 1443 1396 inanis

94 1420 227 1461 omnis
264 1427 405 1460 noster
443 1434 535 1460 esse
566 1419 682 1460 labor
714 1427 754 1459 ct
785 1420 956 1459 stultum
986 1418 1028 1458 in
1058 1418 1178 1459 nobis
1210 1417 1444 1458 erudiendis

93 1482 222 1537 patris
247 1481 395 1530 nostri,
428 1481 572 1535 optimi
597 1496 644 1521 ac
668 1481 979 1535 prudentissimi
1004 1480 1099 1529 viri,
1128 1480 1308 1521 studium
1332 1479 1446 1519 vide-

93 1554 223 1585 retur:
262 1560 365 1597 quos
398 1551 502 1592 tum,
540 1551 585 1583 ut,
615 1544 751 1598 pueri,
788 1545 968 1584 refutare
1001 1543 1237 1584 domesticis
1270 1542 1443 1583 testibus
1468 1561 1484 1584 2

93 1614 209 1661 patre
240 1614 280 1647 ct
312 1606 361 1647 C.
393 1606 609 1646 Aculeone
646 1605 877 1660 propinquo
909 1613 1050 1646 nostro
1088 1613 1127 1645 et
1157 1605 1210 1645 L.
1244 1603 1445 1645 Cicerone

93 1676 240 1723 patruo
267 1668 514 1717 solebamus,
542 1669 652 1721 quod
678 1669 727 1708 dc
755 1667 910 1709 Crasso
936 1676 1053 1722 pater
1078 1674 1118 1708 et
1141 1667 1317 1717 Aculeo,
1344 1682 1445 1720 quo-

94 1744 187 1770 cum
213 1738 300 1771 erat
324 1738 466 1771 nostra
490 1738 728 1779 matertera,
757 1745 879 1783 quem
906 1729 1086 1770 Crassus
1114 1729 1256 1770 dilexit
1282 1745 1333 1769 ex
1358 1744 1446 1769 om-

93 1792 215 1833 nibus
251 1792 491 1847 plurimum,
529 1800 569 1832 et
600 1800 792 1847 patruus,
831 1793 1031 1845 qubmm
1061 1791 1245 1832 Antonio
1277 1791 1319 1831 in
1345 1790 1447 1832 Cili-

95 1855 201 1895 ciam
220 1855 429 1909 profectus
455 1870 538 1895 una
557 1855 805 1903 decesserat,
832 1855 961 1895 multa
980 1855 1098 1895 nobis
1125 1855 1175 1894 de
1202 1854 1288 1894 eius
1311 1854 1446 1894 studio

96 1918 361 1970 doctrinaque
388 1933 511 1972 saepe
536 1917 736 1967 narravit3
769 1932 943 1970 cumque
969 1933 1044 1957 nos
1072 1932 1164 1957 cum
1190 1915 1446 1957 consobrinis

96 1979 266 2028 nostris,
298 1980 525 2020 Aculeonis
552 1980 665 2029 filiis,
704 1986 745 2020 et
770 1995 819 2021 ea
850 1980 1121 2027 disceremus,
1160 1993 1264 2031 quae
1292 1977 1447 2019 Crasso

97 2041 317 2096 placerent,
345 2048 385 2081 et
409 2042 460 2082 ab
481 2042 539 2082 eis
561 2042 811 2091 doctoribus,
839 2042 986 2095 quibus
1007 2041 1074 2082 ille
1094 2048 1288 2089 uteretur,
1315 2040 1449 2080 erudi-

98 2117 252 2151 remur,
295 2102 418 2143 etiam
459 2104 560 2143 illud
598 2120 721 2159 saepe
763 2104 1061 2152 intelleximus,
1108 2101 1220 2157 [cum
1262 2116 1448 2143 essemus

100 2164 185 2204 eius
218 2163 360 2219 modi,]
390 2166 500 2218 quod
535 2166 600 2206 vel
630 2166 747 2220 pueri
784 2166 934 2207 sentire
970 2174 1226 2221 poteramus,
1263 2164 1379 2204 illum
1410 2172 1451 2204 et

102 2226 262 2267 Graece
289 2226 346 2266 sic
370 2227 502 2279 loqui,
533 2228 689 2268 nullam
715 2236 759 2268 ut
783 2244 907 2269 nosse
935 2229 1056 2268 aliam
1080 2228 1266 2282 linguam
1292 2227 1450 2267 videre-

101 2296 177 2336 tur,
205 2295 245 2328 et
270 2288 504 2329 doctoribus
525 2290 675 2331 nostris
703 2306 751 2330 ea
774 2306 928 2345 ponere
953 2291 995 2330 in
1019 2290 1299 2344 percontando
1321 2304 1449 2342 eaque

102 2350 239 2404 ipsum
264 2350 374 2389 omni
398 2350 441 2390 in
467 2366 654 2392 sermone
680 2359 874 2401 tractare,
906 2360 952 2392 ut
975 2352 1076 2392 nihil
1102 2367 1194 2392 esse
1220 2351 1257 2392 ei
1282 2367 1447 2401 novum,

103 2411 203 2451 nihil
227 2411 455 2452 inauditum
479 2412 698 2454 videretur.
760 2414 810 2454 de
834 2414 1020 2454 Antonio
1046 2429 1162 2463 vero,
1200 2428 1449 2467 quamquam

105 2488 227 2527 saepe
259 2488 310 2513 ex
340 2473 636 2515 humanissimo
674 2475 838 2516 homine
873 2483 1020 2530 patruo
1057 2483 1197 2517 nostro
1236 2491 1450 2531 accepera-

103 2551 214 2583 mus,
258 2550 380 2588 quem
416 2536 468 2576 ad
504 2537 672 2577 modum
707 2537 774 2578 ille
811 2538 877 2578 vel
912 2538 1091 2579 Athenis
1128 2539 1194 2579 vel
1229 2538 1369 2580 Rhodi
1405 2554 1449 2580 se

104 2598 436 2639 doctissimorum
461 2598 673 2638 hominum
693 2599 950 2640 sermonibus
977 2600 1172 2650 dedisset,
1199 2609 1336 2642 tamen
1359 2601 1460 2656 ipse·

105 2659 456 2709 adulescentulus,
495 2669 693 2713 quantum
717 2661 824 2702 illius
851 2662 1029 2704 ineuntis
1061 2664 1206 2705 aetatis
1237 2679 1353 2704 meae
1376 2680 1450 2719 pa-

104 2721 279 2763 tiebatur
317 2722 466 2778 pudor,
504 2723 633 2764 multa
670 2738 721 2764 ex
756 2738 805 2765 eo
842 2739 964 2780 saepe
1002 2725 1199 2779 quaesivi.
1258 2742 1341 2768 non
1373 2726 1448 2767 crit
