1859 3069
309 1168 360 1192 360

308 1848 356 1871 3131

312 2200 355 2232 89

306 2248 355 2271 362

393 199 472 239 140
797 205 846 238 M.
873 203 1049 239 TULLII
1077 202 1336 238 CICERONIS

388 287 636 341 imaginibus
674 293 813 326 autem
856 283 1094 339 agentibuS,
1139 284 1320 332 acribus,
1363 284 1588 339 insignitis,
1633 301 1737 339 quac

388 363 600 390 occurrere
627 347 894 398 celeriterque
930 352 1144 399 percutere
1182 345 1363 385 animum
1398 346 1577 400 possint3
1615 362 1738 400 quani

388 410 625 450 facultatem
648 406 725 461 [et]
749 406 986 447 exercitatio
1007 406 1132 455 dabit,
1159 422 1210 447 ex
1229 422 1311 460 qua
1330 408 1584 448 consuetudo
1604 409 1738 463 gigni-

388 479 468 511 tur:
509 468 585 523 [ct]
614 468 809 509 similium
834 468 1054 509 verborum
1089 482 1293 509 conversa
1317 476 1358 509 et
1381 469 1597 510 immutata
1633 471 1738 511 casi-

387 535 462 573 bus
489 538 559 570 aut
573 530 761 570 traducta
784 544 836 570 ex
860 537 976 584 parte
1002 529 1055 570 ad
1079 545 1210 584 genus
1234 530 1389 571 notatio
1416 539 1456 571 et
1479 531 1601 571 unius
1623 532 1737 572 verbi

384 592 565 645 imagine
602 591 727 633 totius
772 591 1000 632 sententiae
1043 591 1277 632 informatio
1314 592 1482 646 pictoris
1524 593 1738 634 cuiusdam

386 653 536 695 summi
559 653 719 694 ratione
745 660 785 694 et
809 653 932 693 modo
969 653 1195 693 formarum
1231 653 1428 694 varietate
1453 654 1566 695 locos
1593 655 1738 695 distin-

385 714 562 770 guentis.
635 715 710 755 sed
745 715 964 755 verborum
1000 715 1215 764 memoria,
1254 730 1359 768 quac
1395 715 1530 755 minus
1567 723 1631 757 est
1665 731 1739 758 no-

385 777 447 818 bis
484 777 738 826 necessaria,
775 777 930 818 maiore
966 776 1194 831 imaginum
1225 777 1422 817 varietate
1454 777 1737 833 distinguitur3

385 839 516 879 multa
553 838 662 879 enim
700 845 795 879 sunt
831 839 976 887 verba,
1021 853 1125 891 quae
1163 838 1281 892 quasi
1324 838 1484 879 articuli
1519 847 1740 880 conectunt

383 902 570 942 membra
606 900 823 950 orationis,
861 915 966 954 quae
997 901 1165 941 formari
1203 901 1469 942 similitudine
1504 902 1618 942 nulla
1641 916 1739 956 pos-

385 970 479 1004 sunt
489 979 498 1012 3
526 977 669 1003 eorum
693 962 913 1017 fingendae
940 971 1036 1003 sunt
1060 963 1179 1004 nobis
1205 963 1427 1017 imagines,
1454 964 1602 1016 quibus
1630 978 1737 1004 sem-

383 1040 458 1080 per
493 1032 675 1073 utamur;
713 1039 852 1065 rerum
886 1024 1085 1065 memoria
1121 1025 1287 1079 propria
1318 1033 1381 1065 est
1416 1025 1607 1075 oratoris3
1646 1040 1739 1066 eam

385 1086 558 1141 singulis
595 1086 785 1140 personis
812 1086 916 1126 bene
952 1086 1097 1141 positis
1129 1095 1271 1127 notare
1296 1101 1537 1141 possumus,
1574 1094 1619 1127 ut
1644 1102 1738 1127 sen-

384 1148 532 1189 tentias
559 1147 829 1202 imaginibus,
867 1148 1053 1188 ordinem
1077 1148 1178 1188 locis
1211 1148 1629 1203 comprehendamus3
1666 1163 1738 1189 ne·-

385 1225 463 1264 que
513 1225 657 1250 verum
704 1218 785 1259 est,
835 1210 945 1263 quod
993 1211 1045 1250 ab
1092 1209 1292 1250 inertibus
1342 1209 1506 1259 dicitur,
1561 1209 1738 1264 opprimi

383 1271 624 1313 memoriam
666 1271 893 1326 imaginum
942 1272 1125 1326 pondere
1168 1279 1208 1312 et
1253 1271 1465 1312 obscurari
1516 1271 1639 1311 etiam
1680 1271 1736 1320 id,

384 1334 495 1387 quod
520 1349 593 1388 per
619 1349 662 1374 se
688 1342 835 1374 natura
859 1341 998 1374 tenere
1023 1333 1245 1388 potuisset:
1278 1333 1362 1373 vidi
1388 1333 1496 1373 enim
1522 1348 1599 1388 ego
1626 1348 1737 1373 sum-

382 1411 472 1437 mos
510 1395 698 1437 homines
731 1403 771 1436 et
807 1395 948 1436 divina
977 1410 1105 1450 prope
1141 1395 1360 1444 memoria,
1398 1395 1576 1436 Athenis
1603 1393 1737 1436 Char-

383 1459 565 1506 madam,
603 1458 645 1498 in
682 1458 807 1507 Asia,
852 1473 975 1511 quem
1011 1458 1150 1498 vivere
1188 1457 1310 1498 hodie
1347 1458 1478 1507 aiunt,
1517 1456 1737 1512 Scepsium

383 1522 689 1569 Metrodorum,
728 1536 901 1573 quorum
937 1528 1108 1573 uterque
1141 1528 1350 1573 tamquam
1385 1519 1530 1561 litteris
1561 1519 1603 1559 in
1629 1534 1735 1568 cera,

385 1583 442 1623 sic
468 1598 511 1623 se
538 1583 673 1623 aiebat
696 1583 945 1637 imaginibus
971 1583 1013 1622 in
1038 1583 1096 1624 cis
1122 1582 1242 1631 locis,
1282 1597 1385 1635 quos
1411 1581 1599 1631 haberet,
1631 1596 1736 1635 quae

382 1645 622 1685 meminisse
648 1645 790 1693 vellet,
828 1645 1097 1699 perscribere.
1158 1659 1240 1697 qua
1264 1660 1307 1684 re
1334 1644 1411 1685 hac
1444 1644 1735 1685 exercitatione

382 1722 466 1747 11011
502 1707 683 1747 eruenda
718 1706 917 1746 memoria
952 1714 1033 1755 est,
1079 1706 1113 1746 si
1150 1714 1213 1747 est
1247 1706 1361 1748 nulla
1401 1706 1617 1755 naturalis3
1662 1706 1736 1746 sed

383 1776 511 1817 certe,
539 1768 573 1808 si
598 1768 715 1816 latet,
743 1767 954 1808 evocanda
979 1776 1054 1808 est.

461 1830 638 1870 Habetis
666 1845 898 1870 sermonem
924 1830 1029 1870 bene
1054 1829 1225 1884 longum
1250 1829 1442 1878 hominis,
1468 1829 1625 1870 utinam
1650 1844 1733 1870 11011

381 1891 651 1946 impudentis!
695 1891 796 1931 illud
832 1891 999 1944 quidem
1034 1899 1162 1940 certe,
1206 1907 1289 1932 non
1326 1892 1447 1932 nimis
1491 1892 1732 1940 vcrecundi3

382 1954 452 2007 qui
482 1953 666 2007 quidem,
704 1968 798 1993 cum
830 1962 888 2002 te,
928 1952 1096 2003 Catule,
1134 1962 1221 1994 tum
1251 1954 1374 1994 etiam
1398 1954 1451 1995 L.
1480 1953 1636 1995 Crasso
1662 1969 1733 1994 au-

381 2016 536 2065 diente,
575 2015 625 2056 de
652 2016 813 2056 dicendi
838 2015 995 2056 ratione
1022 2023 1105 2056 tam
1129 2016 1260 2056 multa
1285 2015 1477 2065 dixerim3
1514 2030 1610 2056 nam
1634 2016 1735 2056 isto-

379 2093 471 2118 rum
497 2086 609 2118 aetas
635 2078 770 2119 minus
808 2093 874 2118 me
911 2078 1090 2119 fortasse
1116 2093 1282 2119 movere
1320 2078 1473 2119 debuit.
1535 2079 1609 2119 sed
1632 2078 1732 2118 mihi

380 2139 605 2193 ignoscetis
642 2140 848 2194 profecto,
887 2139 921 2180 si
951 2140 1095 2188 modo,
1133 2154 1238 2193 quae
1275 2154 1402 2180 causa
1436 2155 1502 2180 me
1539 2140 1592 2180 ad
1628 2140 1734 2180 hanc

379 2201 587 2242 insolitam
612 2201 712 2241 mihi
736 2201 1030 2254 loquacitatem
1055 2201 1283 2257 impulerit,
1309 2201 1577 2256 acceperitis.'
1638 2206 1732 2242 ‘nos

381 2263 503 2313 vero,‘
532 2263 665 2316 inquit
697 2262 872 2304 Catulus
931 2263 1103 2304 ‘etenim
1138 2278 1212 2317 pro
1242 2278 1308 2303 me
1340 2263 1419 2304 hoc
1455 2270 1496 2304 et
1530 2278 1604 2318 pro
1641 2278 1733 2304 meo

380 2326 506 2366 fratre
532 2325 737 2380 spondeo,
774 2340 857 2366 non
882 2325 1005 2366 modo
1031 2325 1104 2365 tibi
1128 2325 1403 2379 ignoscimus,
1436 2325 1510 2366 scd
1534 2334 1573 2365 te
1599 2325 1734 2379 diligi-

379 2402 471 2427 mus
507 2402 784 2442 magnamque
818 2387 890 2427 tibi
926 2387 1128 2428 habemus
1165 2387 1359 2441 gratiam,
1399 2394 1558 2427 etcum
1589 2386 1734 2426 liuma—

380 2448 549 2490 nitatcm
575 2457 616 2490 et
645 2449 884 2490 facilitatem
910 2449 1174 2503 agnoscimus
1201 2456 1331 2498 tuam,
1371 2456 1458 2489 tum
1483 2448 1733 2489 admiramur

380 2509 501 2550 istam
539 2510 754 2551 scientiam
779 2518 820 2552 et
856 2511 1031 2566 copiam.
1091 2510 1283 2563 equidem
1320 2510 1443 2551 etiam
1468 2510 1546 2551 hoc
1571 2525 1636 2550 me
1661 2510 1732 2550 ad-

383 2580 567 2612 secutum
603 2580 722 2628 puto,
762 2573 873 2627 quod
908 2588 1060 2628 magno
1099 2588 1191 2613 sum
1221 2572 1382 2612 levatus
1421 2586 1556 2613 errore
1594 2579 1633 2612 ct
1662 2571 1732 2611 illa

383 2633 651 2675 admiratione
675 2635 893 2684 liberatus,
931 2635 1042 2688 quod
1066 2634 1205 2675 multis
1233 2649 1326 2675 cum
1352 2633 1440 2674 aliis
1473 2647 1635 2687 semper
1659 2632 1732 2672 ad-

382 2694 519 2735 mirari
556 2696 758 2745 solebam,
795 2697 904 2737 unde
937 2704 1045 2737 essct
1076 2696 1147 2737 illa
1176 2703 1290 2736 tanta
1325 2703 1396 2736 tua
1426 2695 1468 2735 in
1503 2693 1638 2734 causis
1670 2692 1731 2733 di-
