1859 3069
306 524 350 556 ⁴28

301 571 346 595 107

298 973 346 997 103

301 1720 346 1743 10¹.)

304 2381 347 2413 ‘29

301 2429 347 2451 ιιι)

376 189 460 230 220
782 196 832 229 M.
861 195 1039 232 TULLII
1064 195 1328 232 CICERONIS

375 287 643 325 evanuerunt,
671 285 711 317 et
736 276 894 316 annalis
921 290 1021 315 sanc
1047 276 1207 316 exiliter
1232 277 1406 331 scriptos
1431 302 1487 308 —
1512 286 1552 319 et
1576 279 1728 319 iudicia

374 341 516 395 populi
549 339 716 393 [quibus
756 338 898 377 aderat
924 336 1101 391 Carb0‚]
1134 337 1216 378 iam
1245 339 1378 393 magis
1411 348 1630 394 patronum
1656 341 1725 381 de-

375 402 622 448 siderabant,
650 399 802 439 tabella
826 399 940 447 data3
967 413 1091 451 quam
1115 399 1252 453 legem
1276 399 1329 441 L.
1363 399 1536 444 Cassius
1562 402 1726 457 Lepido

374 472 414 503 ct
437 461 637 502 Blancino
663 459 902 501 consulibus
928 460 1032 500 tulit.

452 525 605 565 Vester
647 522 771 563 etiam
806 521 863 562 D.
900 521 1057 561 Brutus
1094 522 1157 562 M.
1194 523 1323 572 filius,
1365 530 1412 563 ut
1447 539 1497 565 ex
1536 525 1725 566 familiari

373 585 460 625 eius
486 585 539 625 L.
567 584 699 625 Accio
731 588 854 638 poeta
885 599 977 624 sum
1014 584 1156 625 audire
1194 585 1358 634 solitus,
1397 593 1438 626 et
1473 586 1608 627 dicere
1645 602 1726 628 non

372 646 524 687 inculte
563 646 722 687 solebat
759 654 799 686 et
835 653 923 686 erat
959 660 1053 686 cum
1094 645 1240 687 litteris
1277 646 1442 687 Latinis
1480 654 1567 688 tum
1604 648 1727 688 etiam

374 708 546 749 Graecis
572 716 618 748 ut
642 708 895 763 temporibus
921 708 1000 748 illis
1028 708 1230 758 eruditus3
1258 723 1363 761 quac
1389 709 1595 750 tribuebat
1618 709 1728 751 idem

371 770 528 810 Accius
571 770 695 810 etiam
738 770 791 822 Q.
835 769 1024 810 Maximo
1068 769 1121 810 L.
1165 770 1303 810 Paulli
1346 770 1505 825 nepoti:
1549 778 1590 811 et
1629 786 1726 813 vcro

372 840 466 873 ante
497 832 753 881 Maximum,
790 832 907 872 illum
933 830 1190 886 Scipionem,
1228 847 1309 885 quo
1341 833 1444 873 duce
1475 832 1635 887 privato
1661 833 1726 874 Ti.

372 894 588 936 Gracchus
620 895 782 935 occisus
815 902 896 943 est,
935 909 1028 934 cum
1065 894 1256 935 omnibus
1282 895 1325 935 in
1350 895 1473 935 rebus
1506 895 1727 936 'vehemen-

371 964 455 997 tem
479 964 567 997 tum
593 971 730 997 acrem
761 956 897 997 aiebat
926 956 968 995 in
1000 956 1174 996 dicendo
1205 956 1348 997 fuisse.
1410 964 1497 996 tu1n
1528 957 1651 997 ctiam
1675 957 1725 998 P.

369 1019 577 1059 Lentulus
609 1019 676 1059 ille
708 1018 901 1074 princeps
933 1018 985 1058 ad
1014 1033 1102 1058 rem
1132 1018 1341 1073 publicam
1372 1019 1587 1059 dumtaxat
1616 1019 1727 1071 quod

370 1096 474 1136 opus
507 1088 619 1121 esset
650 1081 749 1121 satis
781 1080 976 1121 habuisse
1013 1080 1271 1133 eloquentiae
1308 1081 1474 1130 dicitur3
1512 1081 1726 1133 isdemque

371 1143 624 1198 temporibus
651 1142 704 1183 L.
728 1142 882 1184 Furius
907 1141 1055 1182 Philus
1081 1143 1262 1196 perbene
1287 1142 1439 1183 Latine
1470 1142 1584 1195 loqui
1609 1152 1727 1197 puta—

370 1207 490 1246 batur
515 1205 817 1258 litteratiusque
847 1219 971 1257 quam
997 1204 1140 1254 ceteri3
1165 1203 1216 1245 P.
1244 1202 1449 1245 Scaevola
1480 1204 1599 1245 valde
1630 1219 1727 1259 pru-

371 1268 515 1308 denter
540 1274 581 1308 et
605 1275 743 1315 acute,
775 1267 898 1321 paulo
924 1266 1049 1306 etiam
1074 1265 1281 1320 copiosius
1291 1282 1301 1315 3
1334 1280 1410 1306 nec
1435 1265 1564 1305 multo
1590 1266 1725 1306 minus

370 1331 593 1385 prudenter
628 1329 705 1370 M'.
743 1329 957 1369 Manilius.
1029 1328 1159 1383 Appii
1200 1327 1366 1369 Claudii
1403 1327 1615 1376 volubilis,
1654 1329 1728 1368 sed

370 1392 494 1447 paulo
526 1391 723 1432 fervidior
754 1399 842 1431 erat
874 1390 1016 1431 oratio.
1077 1390 1119 1430 in
1151 1390 1288 1443 aliquo
1313 1405 1485 1431 numero
1517 1389 1640 1430 etiam
1663 1390 1726 1431 M.

369 1454 542 1496 Fulvius
567 1454 745 1495 Flaccus
772 1462 813 1494 et
838 1452 887 1494 C.
916 1452 1041 1501 Cato,
1078 1452 1268 1492 Africani
1301 1452 1452 1493 sororis
1478 1452 1604 1502 filius,
1642 1467 1728 1493 me-

374 1517 533 1557 diocres
570 1523 773 1564 oratores,
812 1515 890 1556 etsi
926 1514 1069 1556 Flacci
1107 1514 1261 1569 scripta
1299 1522 1411 1564 sunt,
1451 1515 1524 1555 sed
1560 1522 1606 1554 ut
1642 1522 1727 1554 stu.-

374 1577 479 1618 diosi
510 1577 748 1617 litterarum.
809 1576 951 1617 Flacci
982 1584 1121 1616 autem
1153 1576 1339 1616 aemulus
1369 1577 1419 1617 P.
1445 1576 1604 1617 Decius
1636 1576 1726 1625 suit,

371 1655 454 1680 non
490 1639 626 1679 infans
662 1639 730 1679 ille
762 1639 947 1691 quidem,
987 1638 1061 1678 sed
1090 1644 1135 1677 ut
1172 1638 1257 1678 vita
1294 1638 1352 1678 sic
1384 1639 1567 1679 oratione
1604 1638 1726 1679 etiam

372 1701 644 1742 turbulentus.
716 1701 778 1741 M.
821 1700 988 1740 Drusus
1034 1698 1083 1740 C.
1119 1700 1189 1748 F.‚
1233 1700 1302 1753 qui
1345 1700 1387 1741 in
1429 1701 1639 1740 tribunatu
1676 1699 1725 1741 C.

373 1763 611 1805 Gracchum
655 1762 890 1816 conlegam,
933 1761 1082 1801 iterum
1126 1761 1355 1811 tribunum,
1400 1762 1541 1816 fregit,
1584 1762 1646 1802 vir
1687 1772 1727 1803 et

371 1825 554 1866 oratione
591 1824 729 1878 gravis
762 1833 801 1865 ct
834 1823 1095 1872 auctoritate,
1133 1823 1251 1876 eique
1282 1824 1469 1878 proxime
1507 1823 1724 1864 adiunctus

373 1887 422 1929 C.
453 1888 620 1927 Drusus
653 1887 780 1926 frater
811 1886 902 1927 fuit.
963 1893 1057 1926 tuus
1095 1886 1219 1926 etiam
1255 1886 1439 1940 gentilis,
1476 1887 1626 1935 Brute,
1662 1887 1725 1927 M.

370 1951 540 1991 Pennus
560 1952 580 2001 †
602 1948 722 1989 facile
744 1948 915 2003 agitavit
928 1948 971 1988 in
992 1948 1201 1988 tribunatu
1217 1948 1265 1989 C.
1288 1947 1537 1997 Gracchum,
1558 1949 1726 2003 paulum

372 2019 505 2052 aetate
539 2011 806 2059 antecedens3
844 2010 922 2050 fuit
953 2009 1061 2050 enim
1086 2010 1149 2050 M.
1175 2010 1340 2064 Lepido
1365 2010 1418 2050 L.
1446 2009 1599 2051 Oreste
1630 2025 1727 2051 con-

373 2073 530 2114 sulibus
557 2079 751 2125 quaestor
778 2071 1007 2120 Gracchus,
1034 2071 1222 2112 tribunus
1247 2072 1432 2121 Pennus,
1457 2071 1566 2112 illius
1591 2071 1727 2112 BIarci

370 2135 497 2184 filius,
547 2134 616 2187 qui
659 2148 752 2174 cum
797 2133 850 2185 Q.
895 2133 1018 2174 Aelio
1062 2133 1206 2174 consul
1248 2133 1342 2174 fuit:
1394 2134 1467 2174 scd
1508 2134 1543 2174 is
1589 2134 1728 2175 omnia

372 2212 534 2237 summa
559 2211 730 2250 sperans
764 2195 976 2236 aedilicius
1003 2202 1066 2235 est
1095 2203 1296 2236 mortuus.
1356 2211 1453 2235 nam
1478 2195 1528 2235 de
1554 2195 1604 2236 T.
1629 2196 1727 2236 Fla-

371 2258 545 2307 minino,
577 2272 701 2311 quem
725 2257 815 2313 ipse
840 2257 944 2307 vidi,
975 2257 1075 2297 nihil
1103 2257 1244 2312 accepi
1268 2256 1347 2297 nisi
1373 2257 1525 2298 Latine
1552 2257 1726 2311 diligen-

373 2332 433 2362 ter
457 2320 652 2361 locutum.

450 2383 531 2423 His
558 2382 740 2424 adiuncti
766 2389 861 2423 sunt
888 2381 937 2423 C.
967 2381 1108 2431 Curio,
1134 2383 1196 2423 M.
1226 2381 1428 2431 Scaurus,
1453 2382 1503 2423 P.
1529 2382 1725 2431 Rutilius,

375 2444 423 2485 C.
458 2443 686 2485 Gracchus.
755 2444 823 2484 De
856 2442 1015 2485 Scauro
1053 2453 1094 2485 et
1127 2444 1284 2485 Rutilio
1321 2444 1500 2485 breviter
1535 2444 1630 2484 licet
1666 2444 1725 2484 di-

374 2521 483 2555 cere,
521 2521 696 2560 quorum
731 2514 876 2547 neuter
914 2506 1064 2547 summi
1100 2506 1273 2547 oratoris
1310 2507 1454 2547 habuit
1489 2506 1654 2546 laudem
1685 2514 1724 2545 et

373 2576 544 2621 uterque
580 2569 623 2609 in
658 2568 798 2609 multis
838 2568 975 2609 causis
1018 2575 1207 2609 versatus
1247 2575 1351 2617 crat3
1395 2568 1438 2609 in
1479 2567 1723 2621 quibusdam

374 2629 568 2670 laudandi
594 2630 687 2679 viri,
729 2629 915 2684 [etiamsi
946 2630 1116 2670 maximi
1145 2629 1301 2684 ingenii
1330 2645 1414 2671 non
1438 2636 1594 2676 essent,
1629 2642 1723 2681 pro—

375 2690 531 2731 babiles
576 2698 713 2732 tamen
754 2689 993 2745 industriag]
1040 2706 1289 2745 quamquam
1331 2691 1395 2732 his
1440 2689 1604 2742 quidem
1640 2703 1722 2729 non
