1859 3069
334 716 366 739 16

334 1792 366 1816 18

334 2326 364 2349 19

382 179 465 220 200
786 186 837 219 M.
861 184 1035 220 TULLII
1060 183 1322 220 cmffizoxls

383 277 428 309 utv
457 267 670 323 explicatis
703 265 915 307 ordinibus
948 271 1182 318 temporum
1212 280 1294 307 uno
1323 266 1366 307 in
1397 274 1620 322 conspectu
1646 282 1731 307 om-

382 330 451 370 nia
476 330 656 370 viderem
666 345 676 377 3
709 340 814 380 quae
840 340 934 365 eum
959 325 1143 366 studiose
1169 332 1344 368 tractare
1369 328 1617 382 coepissem,
1642 329 1729 384 ipsa

383 392 483 432 mihi
508 390 695 432 tractatio
726 388 954 429 litterarum
987 395 1145 428 tuarum
1177 387 1367 430 salutaris
1393 390 1471 430 suit
1502 391 1733 432 admonuit-

384 469 480 506 que,
517 451 743 506 Pomponi,
781 456 827 490 ut
852 464 876 490 a
900 457 940 490 te
964 449 1056 504 ipso
1089 464 1295 490 sumerem
1325 450 1479 503 aliquid
1504 452 1556 492 ad
1579 468 1644 493 me
1668 468 1733 493 re-

382 513 604 554 ficiendum
629 520 750 566 teque
775 511 1123 552 remunerandum
1150 511 1184 552 si
1208 527 1291 552 non
1320 512 1427 566 pari,
1466 519 1507 553 at
1531 521 1648 567 grato
1673 522 1733 555 ta-

383 591 477 615 men
519 589 708 624 munere3
753 587 1010 627 quamquam·
1046 573 1149 613 illud
1187 573 1437 614 Hesiodium
1478 573 1669 615 laudatur
1711 591 1735 616 a

384 636 534 685 doctis,
561 637 673 690 quod
698 636 844 677 eadem
867 650 1062 676 mensura
1085 635 1259 676 reddere
1283 635 1396 676 iubet
1421 650 1501 689 qua
1527 636 1733 691 acceperis

385 705 455 739 aut
480 699 603 740 ctiam
629 697 922 747 cumulatiore,
954 697 989 739 si
1012 697 1169 752 possis:
1208 712 1286 753 ego
1312 705 1450 739 autem
1481 698 1735 740 voluntatem

383 760 457 801 tibi
492 760 679 816 profecto
721 759 933 809 remetiar,
977 759 1052 800 sed
1086 774 1174 800 rem
1216 759 1351 815 ipsam
1392 760 1576 801 nondum
1610 776 1735 816 posse

382 822 542 871 videor3
568 822 692 875 idque
716 829 761 862 ut
785 822 999 876 ignoscas,
1026 837 1050 862 a
1075 828 1114 862 te
1138 829 1234 877 peto
1243 838 1254 871 ;
1291 837 1368 863 nce
1394 821 1501 863 enim
1527 837 1579 863 ex
1603 823 1736 871 novis,

380 891 426 925 ut
450 884 655 939 agricolae
681 883 833 933 solent,
859 884 1061 924 fructibus
1088 891 1169 933 cst,
1196 884 1305 925 unde
1331 884 1403 925 tibi
1428 885 1599 925 reddam
1625 885 1735 938 quod

382 947 543 1001 aecepi3
587 946 647 987 sic
683 946 816 987 omnis
854 946 963 987 fetus
1005 960 1221 1001 repressus
1265 954 1320 987 est
1362 955 1615 999 exustusque
1658 946 1734 987 flos

383 1009 450 1049 siti
476 1008 625 1049 veteris
658 1000 857 1049 ubertatis
884 1008 1060 1057 exaruit,
1092 1022 1169 1048 nec
1194 1023 1246 1049 cx
1277 1009 1470 1058 conditis,
1503 1009 1571 1062 qui
1601 1008 1736 1049 iacent

382 1071 424 1111 in
445 1070 623 1111 tenebris
645 1078 683 1111 et
704 1071 755 1111 ad
783 1085 885 1123 quos
911 1070 1044 1111 omnis
1070 1070 1189 1111 nobis
1210 1070 1358 1119 aditus,
1385 1070 1454 1123 qui
1479 1085 1609 1124 paene
1636 1070 1734 1111 solis

382 1133 532 1187 patuit,
571 1133 808 1173 obstructus
847 1139 929 1173 est:
967 1147 1152 1173 sci-emus
1184 1132 1309 1186 igitur
1343 1132 1496 1185 aliquid
1526 1140 1735 1185 tamquam

382 1195 424 1234 in
448 1194 602 1235 inculto
628 1202 666 1235 ct
694 1194 889 1235 derelicto
922 1194 1027 1243 solo,
1062 1194 1174 1248 quod
1203 1194 1261 1234 ita
1292 1194 1511 1249 diligenter
1537 1194 1733 1243 colemus,

382 1264 428 1296 ut
450 1256 670 1311 impendiis
696 1256 820 1297 etiam
845 1271 996 1311 augere
1016 1256 1224 1311 possimus
1250 1256 1483 1310 largitatem
1510 1256 1568 1296 tui
1592 1271 1736 1297 mune-

382 1319 457 1368 ris3
482 1319 605 1359 modo
619 1318 729 1359 idem
741 1325 882 1359 noster
896 1318 1056 1359 animus
1079 1318 1242 1359 efficere
1262 1317 1395 1372 possit
1415 1318 1525 1371 quod
1540 1333 1651 1373 ager,
1667 1318 1735 1372 qui

384 1395 477 1421 cum
502 1380 652 1421 multos
679 1396 808 1422 annos
837 1380 1004 1433 quievit,
1035 1380 1247 1421 uberiores
1269 1380 1415 1420 efferre
1440 1380 1582 1435 fruges
1604 1380 1733 1421 solet.’

350 1456 363 1480 1
385 1452 470 1482 tum
495 1442 562 1483 ille
589 1447 686 1497 ‘ego
712 1458 809 1484 vero
837 1450 877 1483 et
902 1443 1152 1497 exspectabo
1179 1457 1245 1491 ca,
1278 1456 1382 1495 quae
1407 1442 1633 1497 polliceris,
1659 1456 1736 1482 nec

383 1504 548 1558 exigam
571 1505 651 1545 nisi
676 1513 746 1545 tuo
772 1505 988 1546 commodo
1015 1511 1056 1544 et
1080 1511 1199 1545 erunt
1226 1503 1326 1544 mihi
1350 1511 1562 1559 pergrata,
1595 1504 1630 1545 si
1655 1504 1736 1545 sol-

383 1565 517 1606 veris?
579 1565 696 1606 ‘mihi
721 1566 916 1619 quoque‚'
949 1566 1082 1619 inquit
1109 1566 1267 1606 Brutus
1312 1565 1611 1620 ‘exspectanda
1642 1572 1736 1606 sunt

384 1642 451 1675 ca,
489 1641 593 1680 quae
619 1627 760 1668 Attico
797 1627 1023 1684 polliceris,
1065 1627 1142 1668 etsi
1177 1628 1354 1668 fortasse
1385 1642 1463 1681 ego
1489 1642 1512 1667 a
1543 1635 1582 1668 te
1613 1627 1734 1668 huius

384 1689 638 1729 voluntarius
664 1696 906 1743 procurator
938 1695 1096 1743 petam,
1133 1688 1244 1741 quod
1272 1688 1379 1743 ipse,
1418 1688 1482 1728 cui
1508 1688 1653 1738 debes,
1691 1703 1735 1729 se

384 1751 645 1791 incommodo
684 1759 748 1791 tuo
793 1758 1032 1790 exacturum
1075 1750 1233 1804 negat,'
1307 1754 1367 1790 ‘at
1408 1750 1524 1791 vero’
1567 1750 1735 1803 inquam

386 1812 478 1853 ‘tibi
504 1828 601 1867 ego,
626 1813 776 1861 Brute,
803 1827 887 1853 non
913 1812 1092 1861 solvam,
1120 1812 1199 1852 nisi
1224 1812 1337 1867 prius
1364 1828 1388 1853 a
1412 1821 1451 1853 te
1477 1827 1624 1854 cavero
1651 1829 1736 1854 am-

383 1874 492 1929 plius
519 1889 567 1914 co
598 1874 764 1914 nomine
795 1873 1022 1922 neminem,
1055 1874 1170 1913 cuius
1206 1874 1350 1928 petitio
1383 1875 1453 1923 sit,
1483 1874 1733 1929 petiturum.’

384 1941 484 1976 ‘non
520 1934 770 1975 mehercule’
810 1935 943 1988 inquit
984 1935 1077 1975 ‘tibi
1116 1935 1400 1990 repromittere
1431 1935 1537 1976 istuc
1569 1936 1734 1990 quidem

383 1997 531 2045 ausi1u3
592 2013 687 2038 nam
730 1997 859 2046 hune,
908 1999 978 2052 qui
1013 2006 1158 2052 negat,
1210 1997 1330 2037 video
1354 1997 1628 2052 flagitatorem
1652 2014 1735 2040 non

381 2060 497 2100 illum
534 2059 700 2112 quidem
737 2059 811 2099 tibi
853 2058 1095 2108 molestum,
1144 2059 1218 2100 scd
1261 2059 1481 2100 adsiduum
1522 2067 1660 2101 tamen
1696 2068 1737 2101 et

384 2136 519 2162 acrem
544 2121 658 2162 fore.'
708 2128 794 2161 tum
817 2121 1076 2176 Pomponius
1111 2125 1208 2174 ‘ego
1233 2121 1348 2162 vero'
1380 2121 1512 2174 inquit
1538 2123 1736 2162 ‘Brutum

381 2184 483 2224 nihil
508 2182 670 2224 mentiri
694 2190 814 2238 puto,
851 2183 994 2224 videor
1019 2182 1128 2223 enim
1159 2183 1242 2223 iam
1266 2190 1306 2223 tc
1339 2198 1514 2224 ausurus
1547 2199 1638 2224 esse
1664 2199 1736 2239 ap-

381 2246 555 2300 pellare,
588 2244 781 2298 quoniam
805 2245 931 2299 longo
956 2244 1173 2285 intervallo
1199 2244 1322 2285 modo
1347 2245 1524 2299 primum
1551 2245 1735 2286 animad-

384 2307 487 2348 verti
528 2307 653 2361 paulo
695 2314 734 2347 te
776 2306 1029 2356 hilariorem3
1078 2306 1235 2359 itaque,
1279 2306 1474 2360 quoniam
1515 2306 1581 2347 hie
1624 2307 1734 2361 quod

382 2369 483 2409 mihi
520 2369 710 2417 debetur,
756 2383 799 2409 se
837 2375 1077 2409 exacturum
1116 2368 1331 2422 professus
1369 2376 1451 2417 cst,
1494 2369 1604 2422 quod
1640 2368 1735 2410 huic

383 2431 528 2479 debes,
561 2445 638 2485 ego
665 2445 688 2470 a
712 2437 752 2470 te
777 2429 900 2484 peto?
961 2430 1158 2483 quidnam
1183 2429 1268 2470 id?’
1305 2430 1486 2483 inquam.
1548 2434 1611 2471 ‘ut
1636 2430 1734 2471 scri-

382 2493 475 2533 bas’
507 2492 639 2545 inquit
676 2492 867 2545 ‘aliquid3
905 2491 1149 2546 iampridem
1184 2492 1293 2532 enim
1324 2492 1609 2533 conticuerunt
1639 2500 1731 2532 tuae

382 2554 560 2594 litterae:
598 2569 695 2594 nam
719 2561 765 2594 ut
787 2554 880 2594 illos
908 2553 958 2594 de
983 2569 1027 2594 re
1057 2553 1224 2608 publica
1253 2554 1380 2594 libros
1412 2554 1594 2602 edidisti,
1631 2553 1730 2593 nihil

385 2630 409 2654 a
433 2623 472 2655 te
499 2630 597 2656 sane
622 2622 769 2670 postea
794 2615 1049 2670 accepimus3
1081 2616 1223 2668 eisque
1254 2624 1417 2656 nosmet
1440 2615 1518 2670 ipsi
1543 2615 1595 2655 ad
1619 2622 1732 2654 vete-

384 2691 476 2715 rum
505 2691 640 2716 rerum
665 2684 897 2718 nostrarum
929 2677 1169 2718 memoriam
1202 2676 1630 2731 comprehendendam
1655 2675 1731 2715 im-
