1859 3069
401 186 483 227 282
803 192 852 225 Μ.
883 190 1061 225 TULLII
1087 189 1350 226 CICERONIS

403 290 446 315 se
475 289 599 329 posse
637 279 774 326 sperat
804 270 966 311 imitari.
1028 270 1101 310 sed
1133 278 1269 311 tamen
1306 287 1377 313 eos
1415 274 1550 315 studio
1582 274 1748 329 optimo,

400 337 549 377 iudicio
575 334 710 374 minus
730 333 847 372 firmo
866 331 1075 386 praeditos
1102 333 1249 373 docere
1270 347 1373 386 quae
1400 334 1452 375 sit
1475 336 1641 391 propria
1660 337 1749 377 laus

401 398 635 438 Atticorum
659 409 743 435 11011
769 393 949 434 alienum
972 401 1086 448 puto.

481 457 655 510 Semper
681 462 890 496 oratorum
922 455 1181 509 eloquentiae
1207 456 1458 497 moderatrix
1490 458 1566 498 suit
1590 460 1750 500 audito-

400 536 490 561 rum
514 517 733 573 prudentia
743 534 752 567 3
793 532 936 559 omnes
964 518 1091 566 enim,
1131 518 1201 571 qui
1224 519 1390 573 probari
1416 519 1575 569 volunt,
1607 521 1751 562 volun-

401 589 527 622 tatem
563 595 706 621 eorum
742 579 812 633 qui
843 579 1015 620 audiunt
1051 580 1260 620 intuentur
1301 579 1373 634 [ad
1404 581 1594 636 eamque]
1628 590 1669 623 et
1699 583 1751 623 ad

400 658 543 684 eorum
568 642 781 683 arbitrium
807 650 846 682 et
877 649 1022 682 nutum
1054 649 1162 683 totos
1197 657 1240 683 se
1265 643 1427 697 fingunt
1451 650 1492 684 et
1517 644 1751 685 adcommo-

349 739 361 746 .
400 705 511 745 dant.
572 704 710 757 itaque
738 703 864 745 Caria
895 712 936 745 et
958 704 1147 759 Phrygia
1177 712 1217 745 et
1240 704 1400 759 Mysia,
1437 706 1548 758 quod
1583 706 1751 748 minime

398 766 551 821 politae
576 766 827 819 minimeque
853 766 1065 821 elegantes
1093 774 1207 815 sunt,
1239 767 1474 808 asciverunt
1499 775 1640 823 aptum
1665 768 1750 809 suis

398 828 565 868 auribus
592 827 777 882 opimum
802 828 1012 881 quoddam
1037 835 1079 869 et
1102 836 1314 881 tamqnam
1346 829 1536 884 adipatae
1561 829 1750 871 dictionis

397 905 550 943 genus,
588 890 700 942 quod
737 904 878 931 eorum
914 890 1039 930 vicini
1074 906 1157 931 non
1193 891 1251 931 ita
1285 891 1368 932 lato
1399 891 1612 932 interiecto
1648 892 1752 932 mari

396 951 551 992 Rhodii
575 966 803 1004 numquam
828 952 1127 1006 probaverunt,
1163 951 1335 1007 [Graeci
1360 961 1498 994 autem
1523 954 1651 995 multo
1675 954 1751 994 mi-

396 1012 513 1068 nus,]
554 1013 836 1055 Athenienses
862 1029 960 1055 vero
986 1014 1172 1055 funditus
1197 1015 1538 1070 repudiaverunt3
1576 1030 1750 1069 qnorum

398 1090 561 1130 semper
586 1075 664 1116 fuit
687 1075 870 1130 prudens
897 1075 1183 1129 sincerumque
1214 1076 1428 1126 iudicium,
1460 1077 1560 1117 nihil
1585 1085 1630 1117 ut
1654 1093 1751 1133 pos-

399 1144 491 1177 sent
514 1136 594 1177 nisi
618 1137 902 1192 incorruptum
927 1138 1068 1179 audire
1094 1146 1135 1179 et
1160 1139 1341 1193 elegans.
1392 1154 1533 1179 eorum
1558 1139 1748 1193 religioni

398 1213 492 1239 eum
530 1199 704 1240 serviret
739 1207 894 1248 orator,
938 1200 1097 1240 nullum
1133 1201 1305 1241 verbum
1346 1201 1549 1250 insolens,
1591 1202 1750 1242 nullum

348 1278 380 1302 2·
401 1261 592 1302 odiosum
617 1276 771 1316 ponere
803 1263 993 1303 audebat.
1053 1262 1192 1315 itaque
1224 1262 1307 1310 hie,
1346 1277 1467 1315 quem
1494 1263 1751 1317 praestitisse

397 1323 576 1364 diximus
615 1323 780 1372 ceteris,
818 1323 861 1364 in
890 1324 960 1364 illa
990 1339 1063 1378 pro
1097 1324 1370 1378 Ctesiphonte
1407 1324 1592 1365 oratione
1627 1325 1751 1380 longe

398 1384 554 1438 optima
597 1385 858 1425 summissius
897 1401 921 1426 a
956 1386 1108 1440 primo,
1146 1386 1314 1435 deinde,
1359 1386 1463 1426 dum.
1494 1387 1545 1427 de
1586 1386 1749 1442 legibus

397 1447 591 1501 disputat,
617 1447 815 1501 pressius,
841 1454 938 1502 post
962 1447 1117 1488 sensim
1136 1447 1362 1488 incendens
1387 1448 1558 1497 iudices,
1584 1456 1629 1489 ut
1650 1449 1752 1490 vidit

398 1508 597 1557 ardentis,
640 1508 682 1548 in
718 1509 886 1562 reliquis
925 1509 1148 1550 exsultavit
1189 1509 1406 1559 audaeius3
1451 1524 1498 1550 ac
1536 1518 1674 1551 tamen
1709 1512 1751 1552 in

398 1568 475 1609 1100
504 1569 594 1623 ipso
627 1570 845 1624 diligenter
881 1571 1142 1612 examinante
1179 1572 1400 1612 verborum
1436 1572 1619 1613 omnium
1648 1588 1752 1627 pon-

397 1630 496 1671 dera
512 1631 778 1684 reprehendit
798 1632 1032 1673 Aeschines
1054 1633 1258 1685 quaedam
1279 1641 1318 1674 et
1339 1634 1521 1688 exagitat
1540 1634 1752 1675 inludens-

397 1706 476 1745 que
512 1692 632 1741 dura,
675 1693 838 1742 odiosa,
882 1694 1158 1736 intolerabilia
1196 1710 1289 1735 esse
1327 1695 1442 1744 dicit3
1486 1696 1585 1748 quin
1627 1697 1750 1737 etiam

397 1753 555 1806 quaerit
581 1754 631 1794 ab
656 1753 760 1809 ipso,
789 1769 883 1795 cum
902 1756 1068 1809 quidem
1090 1771 1183 1797 eum
1204 1756 1369 1797 beluam
1394 1757 1587 1811 appellat,
1613 1766 1751 1798 utrum

396 1815 466 1855 illa
491 1816 617 1856 verba
642 1831 694 1855 an
717 1824 910 1870 portenta
935 1817 1034 1866 sint3
1067 1824 1113 1858 ut
1136 1818 1339 1859 Aeschini
1364 1832 1416 1858 ne
1440 1818 1749 1867 Demosthenes

346 1891 376 1914 ετ
397 1876 562 1929 quidem
581 1876 768 1918 videatur
782 1879 921 1919 Attice
942 1879 1096 1928 111001·0;
1129 1879 1249 1920 facile
1270 1887 1333 1920 est
1355 1879 1464 1920 enim
1485 1881 1657 1920 verbum
1679 1881 1751 1921 ali-

352 2439 372 2471 9

397 1938 508 1990 quod
543 1939 711 1988 ardens,
749 1948 795 1980 ut
824 1940 881 1980 ita
912 1941 1066 1989 dicam,
1104 1948 1247 1982 notare
1278 1942 1401 1995 idque
1432 1942 1639 1983 restinctis
1669 1943 1751 1983 iam

397 1999 625 2040 animorum
659 2000 860 2042 incendiis
897 2002 1095 2043 inridere:
1133 2003 1271 2056 itaque
1304 2018 1347 2043 se
1378 2017 1563 2058 purgans
1594 2004 1751 2045 iocatur

398 2059 729 2103 Demosthenes:
755 2071 881 2117 negat
904 2063 946 2104 in
965 2079 1014 2105 00
1039 2064 1197 2118 positas
1218 2079 1310 2106 esse
1330 2065 1517 2105 fortunas
1535 2064 1748 2114 Graeciae,

398 2121 542 2164 hocine
569 2139 619 2164 an
646 2123 715 2165 illo
741 2125 868 2165 verbo
899 2141 999 2166 usus
1034 2126 1103 2175 sit,
1141 2127 1222 2167 huc
1254 2142 1305 2167 an
1336 2126 1432 2167 illuc
1463 2142 1631 2168 manum
1656 2143 1750 2182 por-

396 2185 558 2226 rexerit.
608 2200 789 2239 quonam
813 2187 938 2241 igitur
962 2188 1085 2229 modo
1112 2189 1319 2230 audiretur
1338 2189 1490 2243 BIysus
1517 2197 1587 2229 aut
1605 2190 1749 2244 Phryx

396 2246 596 2297 Athenis,
629 2262 723 2288 eum
748 2249 872 2289 etiam
895 2250 1206 2291 Demosthenes
1233 2250 1465 2305 exagitetur
1489 2258 1534 2291 ut
1558 2251 1750 2306 putidus?

397 2321 491 2347 cum
516 2324 612 2350 vero
638 2309 834 2351 inclinata
857 2311 1114 2365 ululantique
1132 2326 1233 2354 voce
1254 2327 1367 2353 more
1387 2312 1576 2354 AsiatiCo
1603 2327 1749 2354 canere

397 2371 620 2424 coepisset,
660 2372 750 2425 quis
788 2388 882 2414 eum
918 2374 1044 2415 ferret
1075 2382 1145 2415 aut
1180 2374 1317 2429 potius
1344 2374 1435 2428 quis
1471 2389 1554 2416 non
1590 2375 1750 2416 iuberet

399 2432 574 2473 auferri?
633 2434 686 2474 ad
714 2434 952 2476 Atticorum
976 2436 1102 2490 igitur
1133 2437 1242 2477 auris
1279 2444 1429 2477 teretes
1462 2444 1502 2477 et
1531 2437 1747 2491 religiosas

398 2493 466 2546 qui
497 2509 541 2535 se
573 2495 907 2545 adcommodant,
943 2498 980 2538 ei
1007 2505 1102 2538 sunt
1133 2498 1395 2539 existimandi
1421 2498 1560 2539 Attice
1592 2499 1745 2539 dicere:

348 2570 362 2593 2
399 2569 571 2606 quorum
612 2572 766 2611 genera
806 2559 926 2612 plura
969 2567 1081 2608 sunt3
1126 2560 1166 2600 hi
1208 2575 1335 2600 unum
1372 2560 1494 2600 modo
1537 2560 1656 2613 quale
1694 2559 1746 2599 sit

400 2616 675 2669 suspicantur-3
714 2626 861 2673 putant
897 2620 1006 2661 enim
1045 2621 1114 2674 qui
1151 2621 1316 2662 horride
1352 2621 1592 2674 inculteque
1622 2620 1743 2668 dieat,

399 2677 520 2717 modo
545 2678 587 2717 id
612 2679 822 2734 eleganter
847 2682 1143 2735 enucleateque
1168 2682 1304 2732 faciat,
1331 2698 1425 2723 eum
1451 2683 1584 2723 solum
1603 2680 1743 2722 Attice
