1859 3069
529 221 596 257 DE
623 220 862 257 ORATORE
887 222 954 256 111.
980 221 1136 256 75—82.
1432 212 1511 254 161

158 319 210 345 ne
237 319 362 345 sanus
388 303 555 357 quidem
578 303 799 353 iudicetur3
831 303 934 344 haec
959 317 1076 352 vero,
1103 316 1208 356 quae
1234 308 1330 344 sunt
1354 301 1397 343 in
1420 302 1515 357 phi-

158 366 367 422 losophia,
405 365 581 421 ingeniis
614 373 811 406 eruuntur
842 365 895 406 ad
923 365 984 414 id,
1022 365 1133 418 quod
1162 364 1205 406 in
1236 378 1400 419 quoque
1426 365 1514 406 veri

161 428 293 470 simile
320 435 401 477 est,
440 428 686 468 eliciendum
711 427 841 468 acutis
867 434 990 481 atque
1028 426 1191 467 acribus
1219 425 1369 481 [eaque
1395 441 1514 468 exer-

160 490 285 532 citata
309 490 493 532 oratione
518 488 760 544 poliuntur]
821 489 887 529 hic
911 496 1052 530 noster
1077 488 1257 544 volgaris
1283 496 1437 539 orator,
1477 488 1513 529 si

159 552 296 593 minus
323 552 400 593 erit
436 552 602 600 (1001115,
640 549 822 592 attamen
848 551 890 590 in
916 550 1091 591 dicendo
1129 550 1396 600 exercitatus,
1434 550 1512 591 hac

160 614 252 668 ipsa
282 613 574 655 exercitatione
612 612 820 654 communi
855 612 957 653 istos
984 612 1151 665 quidem
1186 610 1387 667 [nostros]
1421 627 1513 653 ver-

162 676 322 716 berabit
356 690 490 728 neque
518 690 561 716 50
592 676 645 715 'ab
677 675 736 715 cis
774 674 981 715 contemni
1013 688 1060 714 ac
1091 674 1249 729 despici
1285 674 1409 724 sinet3
1449 674 1512 715 sin

161 737 308 790 aliquis
335 737 539 778 exstiterit
563 736 802 790 aliquando,
848 736 918 789 qui
942 736 1185 777 Aristotelio
1210 751 1324 778 more
1350 737 1400 778 de
1426 752 1513 778 om-

161 799 282 840 nibus
308 800 432 840 rebus
457 798 500 838 in
524 805 740 851 utramque
765 805 926 853 partem
950 797 1083 852 possit
1108 798 1244 839 dicere
1270 806 1311 839 et
1333 798 1376 839 in
1400 799 1512 839 omni

160 877 286 901 eausa
311 862 412 901 duas
439 860 663 901 contrarias
690 859 909 909 orationes,
935 860 1166 915 praeceptis
1192 860 1301 901 illius
1323 860 1511 915 cognitis,

160 923 365 977 explicare
404 930 474 963 aut
510 922 588 963 hoc
624 921 840 962 Arcesilae
883 922 1006 962 modo
1043 929 1084 962 et
1122 921 1331 963 Carneadi
1371 930 1514 963 contra

160 999 298 1033 omne,
342 984 453 1037 quod
489 983 748 1038 propositum
786 983 856 1032 sit,
901 983 1095 1033 disserat,
1139 983 1291 1037 quique
1334 984 1388 1025 ad
1422 999 1513 1025 eam

158 1046 360 1086 rationem
386 1045 585 1100 adiungat
622 1045 731 1085 1111110
759 1044 1045 1100 [rhetoricum]
1084 1060 1206 1086 usum
1235 1044 1510 1100 [moremque]

161 1107 578 1160 exercitationemque
604 1107 785 1156 dicendi,
823 1107 858 1147 is
884 1106 961 1147 erit
985 1122 1127 1156 verus,
1164 1107 1198 1148 is
1223 1107 1452 1162 perfectus,
1477 1107 1512 1148 is

161 1169 273 1210 solus
312 1178 467 1219 orator,
510 1185 607 1209 nam
648 1183 784 1222 neque
827 1169 915 1210 sine
959 1169 1194 1210 forensibus
1237 1169 1374 1210 nervis
1413 1169 1513 1218 satis

161 1231 382 1272 vehemens
409 1243 450 1272 et
474 1231 613 1286 gravis
639 1245 716 1271 nec
742 1231 830 1272 sine
855 1230 1053 1271 varietate
1080 1230 1290 1271 doctrinae
1316 1231 1415 1272 satis
1440 1247 1514 1286 po-

161 1292 256 1332 litus
283 1300 323 1333 et
349 1292 513 1347 sapiens
536 1307 628 1333 esse
648 1299 785 1333 orator
803 1299 954 1347 potest.
1002 1306 1084 1345 qua
1103 1307 1146 1332 re
1167 1291 1370 1333 Coracem
1388 1292 1513 1333 istum

161 1362 343 1395 veterem
367 1354 573 1409 patiamur
609 1369 684 1395 nos
716 1354 884 1407 quidem
919 1354 1055 1409 pullos
1094 1369 1191 1395 suos
1229 1354 1447 1395 excludere
1472 1354 1515 1394 in

160 1416 275 1465 nido,
315 1416 384 1469 qui
410 1416 573 1457 evolent
600 1416 843 1457 clamatores
869 1416 1002 1457 odiosi
1028 1430 1076 1457 ae
1100 1417 1282 1466 molesti,
1313 1417 1514 1472 Pamphi-

160 1478 326 1531 lumque
352 1479 492 1519 nescio
518 1493 641 1532 quem
667 1478 852 1519 sinamus
877 1478 920 1518 in
944 1478 1084 1518 insulis
1118 1486 1274 1519 tantam
1298 1494 1386 1519 rem
1410 1486 1515 1519 tam-

161 1555 285 1592 quam
325 1541 493 1595 puerilis
537 1540 705 1581 delicias
743 1540 902 1593 aliquas
946 1540 1187 1594 dcpingere3
1231 1554 1390 1594 nosque
1433 1540 1514 1595 ipsi

160 1602 237 1641 hac
274 1609 358 1642 tam
395 1602 546 1656 exigua
587 1601 865 1656 disputatione
909 1601 1091 1642 hesterni
1128 1609 1169 1642 et
1204 1601 1391 1643 hodierni
1432 1602 1513 1643 diei

161 1670 291 1704 totum
327 1664 500 1704 oratoris
536 1679 686 1704 munus
724 1663 997 1718 explicemus,
1042 1664 1140 1703 dum
1182 1664 1305 1705 modo
1340 1663 1412 1705 illa
1445 1679 1512 1705 res

161 1732 274 1765 tanta
299 1725 370 1775 sit,
407 1732 452 1765 ut
477 1725 667 1766 omnibus
704 1725 1047 1780 philosophorum
1083 1725 1217 1775 libris,
1256 1739 1359 1778 quos
1391 1741 1513 1768 nemo

159 1787 369 1828 rhetorum
411 1787 584 1828 istorum
632 1801 830 1841 umquam
877 1787 1029 1842 attigit,
1079 1787 1379 1842 comprehensa
1420 1803 1513 1830 esse

160 1849 374 1890 videatur.9

240 1911 349 1951 Tum
376 1909 551 1952 Catulus
579 1910 920 1964 ‘haudquaquam
945 1910 1138 1960 hercule,'
1165 1911 1298 1964 inquit
1324 1910 1511 1961 ‘Crasse,

161 1971 393 2012 mirandum
417 1980 482 2013 est
505 1987 598 2014 esse
624 1973 667 2013 in
692 1980 730 2014 te
757 1980 914 2013 tantam
940 1973 1103 2014 dicendi
1128 1973 1195 2013 vel
1220 1973 1304 2014 vim
1330 1974 1394 2014 vel
1421 1989 1515 2014 sua—

162 2034 330 2074 vitatem
355 2034 421 2075 vel
446 2034 625 2089 copialn3
658 2050 781 2089 quem
806 2036 974 2089 quidem
1000 2042 1121 2076 antea
1145 2043 1292 2076 natura
1314 2036 1435 2076 rebar
1459 2035 1516 2076 ita.

163 2096 316 2145 (licere,
354 2103 399 2136 ut
433 2096 534 2136 mihi
569 2112 653 2138 11011
691 2098 826 2138 50111111
862 2105 1000 2139 orator
1037 2113 1242 2147 summus,
1282 2098 1355 2138 sed
1391 2097 1515 2138 etiam

163 2157 493 2212 sapientissimus
519 2158 642 2199 1101110
662 2159 867 2209 viderere3
893 2174 1002 2200 nunc
1027 2159 1223 2214 intellego
1248 2160 1318 2200 illa
1343 2167 1381 2200 te
1409 2175 1516 2200 sem-

162 2236 234 2274 per
266 2220 390 2260 etiam
418 2220 579 2275 potiora
616 2221 805 2271 duxisse,
843 2236 948 2275 quae
984 2222 1036 2262 ad
1073 2221 1317 2276 sapientiam
1355 2231 1515 2277 specta-

162 2290 269 2331 rent,
308 2289 430 2335 atque
467 2297 519 2323 ex
554 2283 619 2324 his
656 2283 763 2323 hanc
801 2284 964 2325 dicendi
999 2284 1161 2339 copiam
1196 2284 1381 2325 fluxisse.
1442 2285 1515 2325 sed

163 2354 300 2384 tamen
331 2359 425 2385 eum
451 2345 583 2386 omnis
620 2346 774 2400 gradus
814 2346 959 2387 aetatis
996 2347 1190 2387 recordor
1221 2354 1314 2387 tuae
1340 2361 1514 2400 cumque

163 2406 288 2447 vitam
314 2415 424 2447 tuam
451 2421 499 2447 ae
524 2407 661 2448 studia
685 2408 914 2457 considero,
940 2422 1094 2461 neque,
1120 2422 1201 2461 quo
1228 2415 1411 2463 tempore
1436 2409 1516 2450 ista

162 2468 366 2517 didiceris,
394 2468 528 2517 video,
555 2484 631 2510 1100
650 2468 801 2524 magno
823 2485 947 2525 opere
973 2477 1013 2510 te
1037 2469 1127 2510 istis
1155 2470 1314 2519 studiis,
1341 2470 1516 2511 homini-

161 2531 258 2579 bus,
298 2530 411 2571 libris
439 2530 634 2585 intellego
662 2532 863 2581 deditum3
902 2546 1036 2585 neque
1062 2538 1200 2572 tamen
1234 2547 1407 2586 possum
1433 2542 1516 2574 sta-

161 2600 294 2642 tuere,
330 2600 469 2633 utrum
500 2594 634 2648 magis
670 2594 794 2635 mirer
819 2602 858 2635 te
888 2594 976 2644 illa,
1015 2609 1121 2647 quae
1152 2594 1252 2634 mihi
1287 2595 1512 2649 persuades

159 2655 342 2696 maxima
374 2670 466 2696 esse
499 2656 755 2705 adiumenta,
793 2656 978 2711 potuisse
1003 2656 1045 2696 in
1070 2656 1194 2697 tantis
1226 2656 1306 2697 tuis
1338 2671 1514 2712 occupa-

160 2716 339 2757 tionibus
365 2717 618 2772 perdiscere,
647 2734 711 2767 an,
739 2718 773 2758 si
798 2734 881 2760 non
905 2718 1108 2773 potueris,
1135 2733 1260 2773 posse
1284 2718 1364 2760 isto
1389 2720 1513 2761 modo

231 2784 376 2811 Ciceronis
390 2784 443 2811 rol.
461 2783 493 2810 II.
1242 2788 1279 2818 11

1543 693 1576 717 80

1544 1311 1574 1335 81

1539 1911 1582 1944 22

1544 1959 1576 1983 82
