<?xml version="1.0" encoding="UTF-8"?>
<!DOCTYPE html PUBLIC "-//W3C//DTD XHTML 1.0 Transitional//EN"
    "http://www.w3.org/TR/xhtml1/DTD/xhtml1-transitional.dtd">
<html xmlns="http://www.w3.org/1999/xhtml" xml:lang="en" lang="en">
 <head>
  <title>
</title>
<meta http-equiv="Content-Type" content="text/html;charset=utf-8" />
  <meta name='ocr-system' content='tesseract 3.04.00' />
  <meta name='ocr-capabilities' content='ocr_page ocr_carea ocr_par ocr_line ocrx_word'/>
</head>
<body>
  <div class='ocr_page' id='page_1' title='image "./operaquaesupers02ciceuoft/operaquaesupers02ciceuoft_0220.png"; bbox 0 0 1859 3069; ppageno 0'>
   <div class='ocr_carea' id='block_1_1' title="bbox 268 1006 314 1030">
    <p class='ocr_par' dir='ltr' id='par_1_1' title="bbox 268 1006 314 1030">
     <span class='ocr_line' id='line_1_1' title="bbox 268 1006 314 1030; baseline 0 0"><span class='ocrx_word' id='word_1_1' title='bbox 268 1006 314 1030; x_wconf 77' lang='lat'>181</span> 
     </span>
    </p>
   </div>
   <div class='ocr_carea' id='block_1_2' title="bbox 347 158 1288 202">
    <p class='ocr_par' dir='ltr' id='par_1_2' title="bbox 347 158 1288 202">
     <span class='ocr_line' id='line_1_2' title="bbox 347 158 1288 202; baseline 0.001 -2"><span class='ocrx_word' id='word_1_2' title='bbox 347 158 427 200; x_wconf 81' lang='lat'>184</span> <span class='ocrx_word' id='word_1_3' title='bbox 743 165 791 199; x_wconf 83' lang='lat' dir='ltr'>M.</span> <span class='ocrx_word' id='word_1_4' title='bbox 819 164 997 202; x_wconf 88' lang='lat' dir='ltr'>TULLII</span> <span class='ocrx_word' id='word_1_5' title='bbox 1023 164 1288 202; x_wconf 85' lang='lat' dir='ltr'>CICERONIS</span> 
     </span>
    </p>
   </div>
   <div class='ocr_carea' id='block_1_3' title="bbox 337 246 1694 1977">
    <p class='ocr_par' dir='ltr' id='par_1_3' title="bbox 337 246 1694 1977">
     <span class='ocr_line' id='line_1_3' title="bbox 341 246 1693 303; baseline -0.002 -14"><span class='ocrx_word' id='word_1_6' title='bbox 341 248 447 289; x_wconf 87' lang='lat' dir='ltr'>rium</span> <span class='ocrx_word' id='word_1_7' title='bbox 478 261 601 301; x_wconf 87' lang='lat' dir='ltr'>quam</span> <span class='ocrx_word' id='word_1_8' title='bbox 632 246 779 295; x_wconf 81' lang='lat' dir='ltr'>latera,</span> <span class='ocrx_word' id='word_1_9' title='bbox 817 260 941 299; x_wconf 88' lang='lat' dir='ltr'>quam</span> <span class='ocrx_word' id='word_1_10' title='bbox 972 259 1193 295; x_wconf 78' lang='lat' dir='ltr'>cavernae,</span> <span class='ocrx_word' id='word_1_11' title='bbox 1231 261 1354 300; x_wconf 87' lang='lat' dir='ltr'>quam</span> <span class='ocrx_word' id='word_1_12' title='bbox 1389 262 1530 303; x_wconf 85' lang='lat' dir='ltr'>prora,</span> <span class='ocrx_word' id='word_1_13' title='bbox 1569 261 1693 301; x_wconf 83' lang='lat' dir='ltr'>quam</span> 
     </span>
     <span class='ocr_line' id='line_1_4' title="bbox 341 309 1693 365; baseline -0.001 -14"><span class='ocrx_word' id='word_1_14' title='bbox 341 310 511 365; x_wconf 84' lang='lat' dir='ltr'><strong>puppis,</strong></span> <span class='ocrx_word' id='word_1_15' title='bbox 549 323 673 362; x_wconf 89' lang='lat' dir='ltr'>quam</span> <span class='ocrx_word' id='word_1_16' title='bbox 709 315 931 356; x_wconf 82' lang='lat' dir='ltr'>antennae,</span> <span class='ocrx_word' id='word_1_17' title='bbox 969 321 1094 360; x_wconf 85' lang='lat' dir='ltr'>quam</span> <span class='ocrx_word' id='word_1_18' title='bbox 1124 309 1235 358; x_wconf 84' lang='lat' dir='ltr'>vela,</span> <span class='ocrx_word' id='word_1_19' title='bbox 1273 324 1397 363; x_wconf 88' lang='lat' dir='ltr'>quam</span> <span class='ocrx_word' id='word_1_20' title='bbox 1432 310 1553 351; x_wconf 82' lang='lat' dir='ltr'>mali?</span> <span class='ocrx_word' id='word_1_21' title='bbox 1589 324 1693 362; x_wconf 84' lang='lat' dir='ltr'>quac</span> 
     </span>
     <span class='ocr_line' id='line_1_5' title="bbox 342 368 1693 424; baseline -0.001 -12"><span class='ocrx_word' id='word_1_22' title='bbox 342 382 480 412; x_wconf 85' lang='lat' dir='ltr'>tamen</span> <span class='ocrx_word' id='word_1_23' title='bbox 505 371 612 411; x_wconf 88' lang='lat' dir='ltr'>hanc</span> <span class='ocrx_word' id='word_1_24' title='bbox 641 369 797 410; x_wconf 90' lang='lat' dir='ltr'>habent.</span> <span class='ocrx_word' id='word_1_25' title='bbox 821 368 863 409; x_wconf 91' lang='lat' dir='ltr'>in</span> <span class='ocrx_word' id='word_1_26' title='bbox 889 369 1026 424; x_wconf 89' lang='lat' dir='ltr'>specie</span> <span class='ocrx_word' id='word_1_27' title='bbox 1058 377 1339 420; x_wconf 78' lang='lat' dir='ltr'>venustatem,</span> <span class='ocrx_word' id='word_1_28' title='bbox 1375 379 1422 412; x_wconf 91' lang='lat' dir='ltr'>ut</span> <span class='ocrx_word' id='word_1_29' title='bbox 1451 386 1534 413; x_wconf 88' lang='lat' dir='ltr'>non</span> <span class='ocrx_word' id='word_1_30' title='bbox 1560 372 1693 413; x_wconf 87' lang='lat' dir='ltr'>solum</span> 
     </span>
     <span class='ocr_line' id='line_1_6' title="bbox 343 431 1694 487; baseline -0.001 -12"><span class='ocrx_word' id='word_1_31' title='bbox 343 434 505 483; x_wconf 81' lang='lat' dir='ltr'>salutis,</span> <span class='ocrx_word' id='word_1_32' title='bbox 545 432 618 473; x_wconf 84' lang='lat' dir='ltr'>sed</span> <span class='ocrx_word' id='word_1_33' title='bbox 645 431 769 472; x_wconf 88' lang='lat' dir='ltr'>etiam</span> <span class='ocrx_word' id='word_1_34' title='bbox 800 431 1025 487; x_wconf 84' lang='lat' dir='ltr'>voluptatis</span> <span class='ocrx_word' id='word_1_35' title='bbox 1057 446 1184 474; x_wconf 86' lang='lat' dir='ltr'>causa</span> <span class='ocrx_word' id='word_1_36' title='bbox 1208 432 1379 474; x_wconf 82' lang='lat' dir='ltr'>inventa</span> <span class='ocrx_word' id='word_1_37' title='bbox 1407 448 1499 475; x_wconf 89' lang='lat' dir='ltr'>csse</span> <span class='ocrx_word' id='word_1_38' title='bbox 1525 434 1694 474; x_wconf 87' lang='lat' dir='ltr'>videan-</span> 
     </span>
     <span class='ocr_line' id='line_1_7' title="bbox 341 494 1694 550; baseline 0 -14"><span class='ocrx_word' id='word_1_39' title='bbox 341 504 418 536; x_wconf 89' lang='lat' dir='ltr'>tur.</span> <span class='ocrx_word' id='word_1_40' title='bbox 479 494 695 535; x_wconf 81' lang='lat' dir='ltr'>columnae</span> <span class='ocrx_word' id='word_1_41' title='bbox 727 494 882 549; x_wconf 86' lang='lat' dir='ltr'>templa</span> <span class='ocrx_word' id='word_1_42' title='bbox 912 501 953 536; x_wconf 88' lang='lat' dir='ltr'>et</span> <span class='ocrx_word' id='word_1_43' title='bbox 983 494 1166 550; x_wconf 89' lang='lat' dir='ltr'>porticus</span> <span class='ocrx_word' id='word_1_44' title='bbox 1198 494 1420 544; x_wconf 80' lang='lat' dir='ltr'>sustinent3</span> <span class='ocrx_word' id='word_1_45' title='bbox 1459 502 1597 537; x_wconf 87' lang='lat' dir='ltr'>tamen</span> <span class='ocrx_word' id='word_1_46' title='bbox 1621 496 1694 536; x_wconf 90' lang='lat' dir='ltr'>ha·-</span> 
     </span>
     <span class='ocr_line' id='line_1_8' title="bbox 339 555 1694 613; baseline 0.001 -16"><span class='ocrx_word' id='word_1_47' title='bbox 339 559 439 598; x_wconf 83' lang='lat' dir='ltr'>bent</span> <span class='ocrx_word' id='word_1_48' title='bbox 468 571 551 597; x_wconf 88' lang='lat' dir='ltr'>non</span> <span class='ocrx_word' id='word_1_49' title='bbox 580 555 674 611; x_wconf 91' lang='lat' dir='ltr'>plus</span> <span class='ocrx_word' id='word_1_50' title='bbox 705 556 893 598; x_wconf 81' lang='lat' dir='ltr'>utilitatis</span> <span class='ocrx_word' id='word_1_51' title='bbox 925 571 1051 611; x_wconf 86' lang='lat' dir='ltr'>quam</span> <span class='ocrx_word' id='word_1_52' title='bbox 1080 557 1312 612; x_wconf 75' lang='lat' dir='ltr'>dignitatis:</span> <span class='ocrx_word' id='word_1_53' title='bbox 1351 556 1547 613; x_wconf 85' lang='lat' dir='ltr'>Capitolii</span> <span class='ocrx_word' id='word_1_54' title='bbox 1577 557 1694 599; x_wconf 88' lang='lat' dir='ltr'>fasti-</span> 
     </span>
     <span class='ocr_line' id='line_1_9' title="bbox 339 618 1694 673; baseline 0.001 -15"><span class='ocrx_word' id='word_1_55' title='bbox 339 619 454 673; x_wconf 78' lang='lat' dir='ltr'>gium</span> <span class='ocrx_word' id='word_1_56' title='bbox 477 618 580 658; x_wconf 91' lang='lat' dir='ltr'>illud</span> <span class='ocrx_word' id='word_1_57' title='bbox 604 625 645 659; x_wconf 88' lang='lat' dir='ltr'>et</span> <span class='ocrx_word' id='word_1_58' title='bbox 670 625 899 660; x_wconf 86' lang='lat' dir='ltr'>ceterarum</span> <span class='ocrx_word' id='word_1_59' title='bbox 924 619 1088 660; x_wconf 90' lang='lat' dir='ltr'>aedium</span> <span class='ocrx_word' id='word_1_60' title='bbox 1111 634 1196 662; x_wconf 92' lang='lat' dir='ltr'>non</span> <span class='ocrx_word' id='word_1_61' title='bbox 1214 626 1426 669; x_wconf 84' lang='lat' dir='ltr'>venustas,</span> <span class='ocrx_word' id='word_1_62' title='bbox 1453 619 1527 660; x_wconf 88' lang='lat' dir='ltr'>sed</span> <span class='ocrx_word' id='word_1_63' title='bbox 1550 633 1694 661; x_wconf 88' lang='lat' dir='ltr'>neees-</span> 
     </span>
     <span class='ocr_line' id='line_1_10' title="bbox 341 679 1692 735; baseline 0.001 -15"><span class='ocrx_word' id='word_1_64' title='bbox 341 680 440 721; x_wconf 85' lang='lat' dir='ltr'>sitas</span> <span class='ocrx_word' id='word_1_65' title='bbox 477 679 571 735; x_wconf 88' lang='lat' dir='ltr'>ipsa</span> <span class='ocrx_word' id='word_1_66' title='bbox 605 679 808 722; x_wconf 84' lang='lat' dir='ltr'>fabricata</span> <span class='ocrx_word' id='word_1_67' title='bbox 832 688 914 731; x_wconf 87' lang='lat' dir='ltr'>est,</span> <span class='ocrx_word' id='word_1_68' title='bbox 951 688 1108 731; x_wconf 88' lang='lat' dir='ltr'>tamen,</span> <span class='ocrx_word' id='word_1_69' title='bbox 1147 695 1241 723; x_wconf 89' lang='lat' dir='ltr'>cum</span> <span class='ocrx_word' id='word_1_70' title='bbox 1266 688 1377 723; x_wconf 88' lang='lat' dir='ltr'>esset</span> <span class='ocrx_word' id='word_1_71' title='bbox 1405 681 1547 722; x_wconf 87' lang='lat' dir='ltr'>habita</span> <span class='ocrx_word' id='word_1_72' title='bbox 1575 681 1692 730; x_wconf 87' lang='lat' dir='ltr'>ratio,</span> 
     </span>
     <span class='ocr_line' id='line_1_11' title="bbox 340 741 1694 799; baseline 0.002 -18"><span class='ocrx_word' id='word_1_73' title='bbox 340 756 463 795; x_wconf 85' lang='lat' dir='ltr'>quem</span> <span class='ocrx_word' id='word_1_74' title='bbox 488 741 541 782; x_wconf 87' lang='lat' dir='ltr'>ad</span> <span class='ocrx_word' id='word_1_75' title='bbox 571 742 743 783; x_wconf 88' lang='lat' dir='ltr'>modum</span> <span class='ocrx_word' id='word_1_76' title='bbox 768 757 820 783; x_wconf 86' lang='lat' dir='ltr'>ex</span> <span class='ocrx_word' id='word_1_77' title='bbox 849 750 1023 796; x_wconf 87' lang='lat' dir='ltr'>utraque</span> <span class='ocrx_word' id='word_1_78' title='bbox 1061 743 1158 785; x_wconf 86' lang='lat' dir='ltr'>tecti</span> <span class='ocrx_word' id='word_1_79' title='bbox 1193 751 1309 799; x_wconf 89' lang='lat' dir='ltr'>parte</span> <span class='ocrx_word' id='word_1_80' title='bbox 1346 757 1454 797; x_wconf 89' lang='lat' dir='ltr'>aqua</span> <span class='ocrx_word' id='word_1_81' title='bbox 1484 743 1694 784; x_wconf 86' lang='lat' dir='ltr'>delabere-</span> 
     </span>
     <span class='ocr_line' id='line_1_12' title="bbox 339 803 1692 861; baseline 0.001 -17"><span class='ocrx_word' id='word_1_82' title='bbox 339 812 423 853; x_wconf 87' lang='lat' dir='ltr'>tur,</span> <span class='ocrx_word' id='word_1_83' title='bbox 459 803 680 845; x_wconf 85' lang='lat' dir='ltr'>utilitatem</span> <span class='ocrx_word' id='word_1_84' title='bbox 704 804 847 859; x_wconf 88' lang='lat' dir='ltr'>templi</span> <span class='ocrx_word' id='word_1_85' title='bbox 872 805 1030 861; x_wconf 81' lang='lat' dir='ltr'>fastigii</span> <span class='ocrx_word' id='word_1_86' title='bbox 1061 806 1240 861; x_wconf 79' lang='lat' dir='ltr'>dignitas</span> <span class='ocrx_word' id='word_1_87' title='bbox 1274 813 1497 848; x_wconf 86' lang='lat' dir='ltr'>consecuta</span> <span class='ocrx_word' id='word_1_88' title='bbox 1527 812 1608 855; x_wconf 75' lang='lat' dir='ltr'>est:</span> <span class='ocrx_word' id='word_1_89' title='bbox 1634 814 1692 854; x_wconf 87' lang='lat' dir='ltr'>ut,</span> 
     </span>
     <span class='ocr_line' id='line_1_13' title="bbox 339 865 1692 922; baseline 0.001 -16"><span class='ocrx_word' id='word_1_90' title='bbox 339 865 501 907; x_wconf 88' lang='lat' dir='ltr'>etiamsi</span> <span class='ocrx_word' id='word_1_91' title='bbox 525 865 568 906; x_wconf 91' lang='lat' dir='ltr'>in</span> <span class='ocrx_word' id='word_1_92' title='bbox 604 866 718 908; x_wconf 87' lang='lat' dir='ltr'>caelo</span> <span class='ocrx_word' id='word_1_93' title='bbox 745 865 998 922; x_wconf 86' lang='lat' dir='ltr'>Capitolium</span> <span class='ocrx_word' id='word_1_94' title='bbox 1035 875 1300 917; x_wconf 80' lang='lat' dir='ltr'>statueretur,</span> <span class='ocrx_word' id='word_1_95' title='bbox 1337 868 1409 909; x_wconf 92' lang='lat' dir='ltr'>ubi</span> <span class='ocrx_word' id='word_1_96' title='bbox 1444 868 1576 909; x_wconf 83' lang='lat' dir='ltr'>imber</span> <span class='ocrx_word' id='word_1_97' title='bbox 1600 882 1692 909; x_wconf 88' lang='lat' dir='ltr'>esse</span> 
     </span>
     <span class='ocr_line' id='line_1_14' title="bbox 338 929 1692 985; baseline 0.001 -17"><span class='ocrx_word' id='word_1_98' title='bbox 338 942 423 968; x_wconf 89' lang='lat' dir='ltr'>non</span> <span class='ocrx_word' id='word_1_99' title='bbox 452 934 614 983; x_wconf 83' lang='lat' dir='ltr'>posset,</span> <span class='ocrx_word' id='word_1_100' title='bbox 652 929 810 970; x_wconf 87' lang='lat' dir='ltr'>nullam</span> <span class='ocrx_word' id='word_1_101' title='bbox 846 929 934 971; x_wconf 92' lang='lat' dir='ltr'>sine</span> <span class='ocrx_word' id='word_1_102' title='bbox 971 930 1139 985; x_wconf 80' lang='lat' dir='ltr'>fastigio</span> <span class='ocrx_word' id='word_1_103' title='bbox 1177 931 1420 985; x_wconf 79' lang='lat' dir='ltr'>dignitatem</span> <span class='ocrx_word' id='word_1_104' title='bbox 1456 930 1692 971; x_wconf 83' lang='lat' dir='ltr'>habiturum</span> 
     </span>
     <span class='ocr_line' id='line_1_15' title="bbox 340 989 1690 1048; baseline 0.001 -18"><span class='ocrx_word' id='word_1_105' title='bbox 340 989 471 1031; x_wconf 85' lang='lat' dir='ltr'>fuisse</span> <span class='ocrx_word' id='word_1_106' title='bbox 497 990 699 1032; x_wconf 82' lang='lat' dir='ltr'>videatur.</span> <span class='ocrx_word' id='word_1_107' title='bbox 759 990 838 1032; x_wconf 90' lang='lat' dir='ltr'>hoc</span> <span class='ocrx_word' id='word_1_108' title='bbox 862 991 905 1032; x_wconf 89' lang='lat' dir='ltr'>in</span> <span class='ocrx_word' id='word_1_109' title='bbox 930 992 1121 1033; x_wconf 86' lang='lat' dir='ltr'>omnibus</span> <span class='ocrx_word' id='word_1_110' title='bbox 1152 992 1250 1034; x_wconf 87' lang='lat' dir='ltr'>item</span> <span class='ocrx_word' id='word_1_111' title='bbox 1281 993 1468 1048; x_wconf 89' lang='lat' dir='ltr'>partibus</span> <span class='ocrx_word' id='word_1_112' title='bbox 1494 992 1690 1033; x_wconf 85' lang='lat' dir='ltr'>orationis</span> 
     </span>
     <span class='ocr_line' id='line_1_16' title="bbox 339 1051 1692 1109; baseline 0.003 -17"><span class='ocrx_word' id='word_1_113' title='bbox 339 1051 489 1101; x_wconf 85' lang='lat' dir='ltr'>evenit,</span> <span class='ocrx_word' id='word_1_114' title='bbox 514 1059 560 1092; x_wconf 87' lang='lat' dir='ltr'>ut</span> <span class='ocrx_word' id='word_1_115' title='bbox 583 1052 802 1094; x_wconf 85' lang='lat' dir='ltr'>utilitatem</span> <span class='ocrx_word' id='word_1_116' title='bbox 823 1068 871 1094; x_wconf 87' lang='lat' dir='ltr'>ac</span> <span class='ocrx_word' id='word_1_117' title='bbox 888 1069 1017 1109; x_wconf 86' lang='lat' dir='ltr'>prope</span> <span class='ocrx_word' id='word_1_118' title='bbox 1041 1055 1333 1096; x_wconf 87' lang='lat' dir='ltr'>necessitatem</span> <span class='ocrx_word' id='word_1_119' title='bbox 1359 1055 1540 1096; x_wconf 77' lang='lat' dir='ltr'>suavitas</span> <span class='ocrx_word' id='word_1_120' title='bbox 1567 1069 1692 1108; x_wconf 87' lang='lat' dir='ltr'>quac-</span> 
     </span>
     <span class='ocr_line' id='line_1_17' title="bbox 339 1113 1693 1171; baseline 0.003 -17"><span class='ocrx_word' id='word_1_121' title='bbox 339 1113 435 1155; x_wconf 88' lang='lat' dir='ltr'>dam</span> <span class='ocrx_word' id='word_1_122' title='bbox 465 1121 505 1155; x_wconf 90' lang='lat' dir='ltr'>et</span> <span class='ocrx_word' id='word_1_123' title='bbox 534 1113 651 1169; x_wconf 90' lang='lat' dir='ltr'>lepos</span> <span class='ocrx_word' id='word_1_124' title='bbox 689 1123 982 1169; x_wconf 68' lang='lat' dir='ltr'>consequatur,</span> <span class='ocrx_word' id='word_1_125' title='bbox 1021 1117 1227 1158; x_wconf 91' lang='lat' dir='ltr'>clausulas</span> <span class='ocrx_word' id='word_1_126' title='bbox 1264 1116 1373 1158; x_wconf 79' lang='lat' dir='ltr'>enim</span> <span class='ocrx_word' id='word_1_127' title='bbox 1410 1125 1532 1171; x_wconf 89' lang='lat' dir='ltr'>atque</span> <span class='ocrx_word' id='word_1_128' title='bbox 1568 1117 1693 1158; x_wconf 87' lang='lat' dir='ltr'>inter-</span> 
     </span>
     <span class='ocr_line' id='line_1_18' title="bbox 338 1177 1692 1234; baseline 0.004 -19"><span class='ocrx_word' id='word_1_129' title='bbox 338 1183 494 1230; x_wconf 81' lang='lat' dir='ltr'>puncta</span> <span class='ocrx_word' id='word_1_130' title='bbox 518 1177 740 1218; x_wconf 80' lang='lat' dir='ltr'>verborum</span> <span class='ocrx_word' id='word_1_131' title='bbox 765 1177 925 1220; x_wconf 86' lang='lat' dir='ltr'>animae</span> <span class='ocrx_word' id='word_1_132' title='bbox 950 1178 1186 1220; x_wconf 84' lang='lat' dir='ltr'>interclusio</span> <span class='ocrx_word' id='word_1_133' title='bbox 1219 1186 1340 1232; x_wconf 87' lang='lat' dir='ltr'>atque</span> <span class='ocrx_word' id='word_1_134' title='bbox 1366 1179 1582 1233; x_wconf 79' lang='lat' dir='ltr'>angustiae</span> <span class='ocrx_word' id='word_1_135' title='bbox 1609 1179 1692 1234; x_wconf 91' lang='lat' dir='ltr'>spi-</span> 
     </span>
     <span class='ocr_line' id='line_1_19' title="bbox 338 1239 1693 1290; baseline 0.002 -11"><span class='ocrx_word' id='word_1_136' title='bbox 338 1239 440 1279; x_wconf 88' lang='lat' dir='ltr'>ritus</span> <span class='ocrx_word' id='word_1_137' title='bbox 468 1240 710 1281; x_wconf 83' lang='lat' dir='ltr'>attulerunt:</span> <span class='ocrx_word' id='word_1_138' title='bbox 741 1240 784 1281; x_wconf 88' lang='lat' dir='ltr'>id</span> <span class='ocrx_word' id='word_1_139' title='bbox 807 1241 1020 1282; x_wconf 85' lang='lat' dir='ltr'>inventum</span> <span class='ocrx_word' id='word_1_140' title='bbox 1046 1241 1103 1282; x_wconf 85' lang='lat' dir='ltr'>ita</span> <span class='ocrx_word' id='word_1_141' title='bbox 1128 1249 1191 1283; x_wconf 86' lang='lat' dir='ltr'>est</span> <span class='ocrx_word' id='word_1_142' title='bbox 1216 1257 1361 1290; x_wconf 79' lang='lat' dir='ltr'>suave,</span> <span class='ocrx_word' id='word_1_143' title='bbox 1391 1249 1456 1290; x_wconf 83' lang='lat' dir='ltr'>ut,</span> <span class='ocrx_word' id='word_1_144' title='bbox 1489 1241 1524 1282; x_wconf 93' lang='lat' dir='ltr'>si</span> <span class='ocrx_word' id='word_1_145' title='bbox 1549 1241 1615 1282; x_wconf 90' lang='lat' dir='ltr'>cui</span> <span class='ocrx_word' id='word_1_146' title='bbox 1641 1241 1693 1282; x_wconf 87' lang='lat' dir='ltr'>sit</span> 
     </span>
     <span class='ocr_line' id='line_1_20' title="bbox 339 1300 1693 1358; baseline 0.003 -18"><span class='ocrx_word' id='word_1_147' title='bbox 339 1300 522 1342; x_wconf 88' lang='lat' dir='ltr'>infinitus</span> <span class='ocrx_word' id='word_1_148' title='bbox 566 1302 734 1356; x_wconf 89' lang='lat' dir='ltr'>spiritus</span> <span class='ocrx_word' id='word_1_149' title='bbox 778 1303 919 1352; x_wconf 87' lang='lat' dir='ltr'>datus,</span> <span class='ocrx_word' id='word_1_150' title='bbox 962 1311 1101 1344; x_wconf 84' lang='lat' dir='ltr'>tamen</span> <span class='ocrx_word' id='word_1_151' title='bbox 1142 1318 1237 1344; x_wconf 88' lang='lat' dir='ltr'>eum</span> <span class='ocrx_word' id='word_1_152' title='bbox 1278 1310 1524 1358; x_wconf 85' lang='lat' dir='ltr'>perpetuare</span> <span class='ocrx_word' id='word_1_153' title='bbox 1565 1303 1693 1344; x_wconf 76' lang='lat' dir='ltr'>verba</span> 
     </span>
     <span class='ocr_line' id='line_1_21' title="bbox 339 1362 1691 1420; baseline 0.003 -18"><span class='ocrx_word' id='word_1_154' title='bbox 339 1362 516 1404; x_wconf 89' lang='lat' dir='ltr'>nolimus</span> <span class='ocrx_word' id='word_1_155' title='bbox 526 1379 536 1413; x_wconf 91' lang='lat'>;</span> <span class='ocrx_word' id='word_1_156' title='bbox 574 1363 618 1404; x_wconf 90' lang='lat' dir='ltr'>id</span> <span class='ocrx_word' id='word_1_157' title='bbox 642 1364 751 1405; x_wconf 85' lang='lat' dir='ltr'>enim</span> <span class='ocrx_word' id='word_1_158' title='bbox 777 1365 944 1406; x_wconf 88' lang='lat' dir='ltr'>auribus</span> <span class='ocrx_word' id='word_1_159' title='bbox 969 1365 1121 1406; x_wconf 88' lang='lat' dir='ltr'>nostris</span> <span class='ocrx_word' id='word_1_160' title='bbox 1147 1372 1311 1419; x_wconf 84' lang='lat' dir='ltr'>gratum</span> <span class='ocrx_word' id='word_1_161' title='bbox 1335 1372 1398 1406; x_wconf 93' lang='lat' dir='ltr'>est</span> <span class='ocrx_word' id='word_1_162' title='bbox 1426 1363 1691 1420; x_wconf 56' lang='lat' dir='ltr'>[inventum]</span> 
     </span>
     <span class='ocr_line' id='line_1_22' title="bbox 340 1424 1692 1476; baseline 0.003 -12"><span class='ocrx_word' id='word_1_163' title='bbox 340 1424 451 1476; x_wconf 89' lang='lat' dir='ltr'>quod</span> <span class='ocrx_word' id='word_1_164' title='bbox 474 1424 688 1466; x_wconf 88' lang='lat' dir='ltr'>hominum</span> <span class='ocrx_word' id='word_1_165' title='bbox 712 1426 910 1467; x_wconf 86' lang='lat' dir='ltr'>lateribus</span> <span class='ocrx_word' id='word_1_166' title='bbox 936 1442 1020 1468; x_wconf 91' lang='lat' dir='ltr'>non</span> <span class='ocrx_word' id='word_1_167' title='bbox 1044 1426 1257 1468; x_wconf 90' lang='lat' dir='ltr'>tolerabile</span> <span class='ocrx_word' id='word_1_168' title='bbox 1284 1426 1437 1476; x_wconf 89' lang='lat' dir='ltr'>solum,</span> <span class='ocrx_word' id='word_1_169' title='bbox 1470 1427 1543 1468; x_wconf 89' lang='lat' dir='ltr'>scd</span> <span class='ocrx_word' id='word_1_170' title='bbox 1568 1427 1692 1468; x_wconf 90' lang='lat' dir='ltr'>etiam</span> 
     </span>
     <span class='ocr_line' id='line_1_23' title="bbox 339 1485 1692 1544; baseline 0.004 -19"><span class='ocrx_word' id='word_1_171' title='bbox 339 1485 459 1526; x_wconf 85' lang='lat' dir='ltr'>facilc</span> <span class='ocrx_word' id='word_1_172' title='bbox 485 1501 577 1528; x_wconf 87' lang='lat' dir='ltr'>esse</span> <span class='ocrx_word' id='word_1_173' title='bbox 602 1495 758 1541; x_wconf 85' lang='lat' dir='ltr'>posset.</span> <span class='ocrx_word' id='word_1_174' title='bbox 818 1488 1064 1543; x_wconf 82' lang='lat' dir='ltr'>longissima</span> <span class='ocrx_word' id='word_1_175' title='bbox 1095 1495 1159 1530; x_wconf 89' lang='lat' dir='ltr'>est</span> <span class='ocrx_word' id='word_1_176' title='bbox 1189 1489 1314 1544; x_wconf 84' lang='lat' dir='ltr'>igitur</span> <span class='ocrx_word' id='word_1_177' title='bbox 1345 1489 1575 1543; x_wconf 80' lang='lat' dir='ltr'>complexio</span> <span class='ocrx_word' id='word_1_178' title='bbox 1600 1504 1692 1530; x_wconf 73' lang='lat' dir='ltr'>ver-</span> 
     </span>
     <span class='ocr_line' id='line_1_24' title="bbox 339 1547 1691 1606; baseline 0.004 -19"><span class='ocrx_word' id='word_1_179' title='bbox 339 1547 504 1597; x_wconf 91' lang='lat' dir='ltr'>borum,</span> <span class='ocrx_word' id='word_1_180' title='bbox 541 1562 646 1601; x_wconf 84' lang='lat' dir='ltr'>quae</span> <span class='ocrx_word' id='word_1_181' title='bbox 683 1550 794 1591; x_wconf 77' lang='lat' dir='ltr'>volvi</span> <span class='ocrx_word' id='word_1_182' title='bbox 823 1565 906 1592; x_wconf 91' lang='lat' dir='ltr'>uno</span> <span class='ocrx_word' id='word_1_183' title='bbox 944 1551 1090 1606; x_wconf 90' lang='lat' dir='ltr'>spiritu</span> <span class='ocrx_word' id='word_1_184' title='bbox 1124 1558 1281 1606; x_wconf 65' lang='lat' dir='ltr'>potest:</span> <span class='ocrx_word' id='word_1_185' title='bbox 1320 1551 1394 1592; x_wconf 83' lang='lat' dir='ltr'>sed</span> <span class='ocrx_word' id='word_1_186' title='bbox 1424 1551 1490 1592; x_wconf 88' lang='lat' dir='ltr'>hic</span> <span class='ocrx_word' id='word_1_187' title='bbox 1520 1558 1691 1592; x_wconf 88' lang='lat' dir='ltr'>naturae</span> 
     </span>
     <span class='ocr_line' id='line_1_25' title="bbox 338 1610 1690 1668; baseline 0.004 -19"><span class='ocrx_word' id='word_1_188' title='bbox 338 1610 485 1651; x_wconf 85' lang='lat' dir='ltr'>modus</span> <span class='ocrx_word' id='word_1_189' title='bbox 523 1618 604 1659; x_wconf 90' lang='lat' dir='ltr'>est,</span> <span class='ocrx_word' id='word_1_190' title='bbox 649 1611 746 1652; x_wconf 88' lang='lat' dir='ltr'>artis</span> <span class='ocrx_word' id='word_1_191' title='bbox 785 1612 902 1653; x_wconf 84' lang='lat' dir='ltr'>alius.</span> <span class='ocrx_word' id='word_1_192' title='bbox 974 1613 1057 1653; x_wconf 91' lang='lat' dir='ltr'>iam</span> <span class='ocrx_word' id='word_1_193' title='bbox 1092 1627 1186 1653; x_wconf 88' lang='lat' dir='ltr'>cum</span> <span class='ocrx_word' id='word_1_194' title='bbox 1224 1613 1306 1654; x_wconf 84' lang='lat' dir='ltr'>sint</span> <span class='ocrx_word' id='word_1_195' title='bbox 1341 1613 1501 1654; x_wconf 88' lang='lat' dir='ltr'>numeri</span> <span class='ocrx_word' id='word_1_196' title='bbox 1535 1613 1690 1668; x_wconf 88' lang='lat' dir='ltr'>plures,</span> 
     </span>
     <span class='ocr_line' id='line_1_26' title="bbox 338 1670 1690 1729; baseline 0.004 -19"><span class='ocrx_word' id='word_1_197' title='bbox 338 1670 523 1712; x_wconf 89' lang='lat' dir='ltr'>iambum</span> <span class='ocrx_word' id='word_1_198' title='bbox 559 1680 600 1713; x_wconf 88' lang='lat' dir='ltr'>et</span> <span class='ocrx_word' id='word_1_199' title='bbox 636 1673 876 1714; x_wconf 85' lang='lat' dir='ltr'>trochaeum</span> <span class='ocrx_word' id='word_1_200' title='bbox 912 1673 1173 1727; x_wconf 83' lang='lat' dir='ltr'>frequentem</span> <span class='ocrx_word' id='word_1_201' title='bbox 1210 1682 1406 1729; x_wconf 81' lang='lat' dir='ltr'>segregat</span> <span class='ocrx_word' id='word_1_202' title='bbox 1441 1675 1493 1715; x_wconf 91' lang='lat' dir='ltr'>ab</span> <span class='ocrx_word' id='word_1_203' title='bbox 1530 1682 1690 1716; x_wconf 89' lang='lat' dir='ltr'>oratore</span> 
     </span>
     <span class='ocr_line' id='line_1_27' title="bbox 337 1733 1692 1789; baseline 0.004 -16"><span class='ocrx_word' id='word_1_204' title='bbox 337 1733 608 1782; x_wconf 87' lang='lat' dir='ltr'>Aristoteles,</span> <span class='ocrx_word' id='word_1_205' title='bbox 647 1733 815 1784; x_wconf 87' lang='lat' dir='ltr'>Catule,</span> <span class='ocrx_word' id='word_1_206' title='bbox 847 1743 1002 1785; x_wconf 86' lang='lat' dir='ltr'>vester,</span> <span class='ocrx_word' id='word_1_207' title='bbox 1041 1736 1111 1789; x_wconf 88' lang='lat' dir='ltr'>qui</span> <span class='ocrx_word' id='word_1_208' title='bbox 1139 1743 1286 1776; x_wconf 88' lang='lat' dir='ltr'>natura</span> <span class='ocrx_word' id='word_1_209' title='bbox 1310 1743 1449 1777; x_wconf 89' lang='lat' dir='ltr'>tamen</span> <span class='ocrx_word' id='word_1_210' title='bbox 1477 1736 1692 1778; x_wconf 86' lang='lat' dir='ltr'>incurrunt</span> 
     </span>
     <span class='ocr_line' id='line_1_28' title="bbox 337 1794 1691 1851; baseline 0.004 -17"><span class='ocrx_word' id='word_1_211' title='bbox 337 1794 417 1849; x_wconf 90' lang='lat' dir='ltr'>ipsi</span> <span class='ocrx_word' id='word_1_212' title='bbox 452 1794 496 1836; x_wconf 89' lang='lat' dir='ltr'>in</span> <span class='ocrx_word' id='word_1_213' title='bbox 532 1795 760 1837; x_wconf 86' lang='lat' dir='ltr'>orationem</span> <span class='ocrx_word' id='word_1_214' title='bbox 797 1811 1114 1851; x_wconf 85' lang='lat' dir='ltr'>sermonemque</span> <span class='ocrx_word' id='word_1_215' title='bbox 1151 1806 1339 1839; x_wconf 88' lang='lat' dir='ltr'>nostrum</span> <span class='ocrx_word' id='word_1_216' title='bbox 1349 1815 1359 1848; x_wconf 86' lang='lat'>;</span> <span class='ocrx_word' id='word_1_217' title='bbox 1398 1798 1472 1839; x_wconf 89' lang='lat' dir='ltr'>sed</span> <span class='ocrx_word' id='word_1_218' title='bbox 1504 1807 1600 1840; x_wconf 90' lang='lat' dir='ltr'>sunt</span> <span class='ocrx_word' id='word_1_219' title='bbox 1628 1799 1691 1840; x_wconf 92' lang='lat' dir='ltr'>in-</span> 
     </span>
     <span class='ocr_line' id='line_1_29' title="bbox 339 1856 1688 1915; baseline 0.004 -19"><span class='ocrx_word' id='word_1_220' title='bbox 339 1856 478 1910; x_wconf 83' lang='lat' dir='ltr'>signes</span> <span class='ocrx_word' id='word_1_221' title='bbox 508 1857 798 1911; x_wconf 81' lang='lat' dir='ltr'>percussiones</span> <span class='ocrx_word' id='word_1_222' title='bbox 831 1873 975 1900; x_wconf 88' lang='lat' dir='ltr'>corum</span> <span class='ocrx_word' id='word_1_223' title='bbox 1005 1875 1270 1900; x_wconf 88' lang='lat' dir='ltr'>numerorum</span> <span class='ocrx_word' id='word_1_224' title='bbox 1302 1868 1343 1901; x_wconf 87' lang='lat' dir='ltr'>et</span> <span class='ocrx_word' id='word_1_225' title='bbox 1372 1860 1519 1901; x_wconf 88' lang='lat' dir='ltr'>minuti</span> <span class='ocrx_word' id='word_1_226' title='bbox 1547 1861 1688 1915; x_wconf 88' lang='lat' dir='ltr'>pedes.</span> 
     </span>
     <span class='ocr_line' id='line_1_30' title="bbox 337 1918 1690 1977; baseline 0.004 -20"><span class='ocrx_word' id='word_1_227' title='bbox 337 1932 419 1970; x_wconf 88' lang='lat' dir='ltr'>qua</span> <span class='ocrx_word' id='word_1_228' title='bbox 454 1933 498 1959; x_wconf 89' lang='lat' dir='ltr'>re</span> <span class='ocrx_word' id='word_1_229' title='bbox 528 1918 707 1973; x_wconf 87' lang='lat' dir='ltr'>primum</span> <span class='ocrx_word' id='word_1_230' title='bbox 737 1920 790 1960; x_wconf 91' lang='lat' dir='ltr'>ad</span> <span class='ocrx_word' id='word_1_231' title='bbox 826 1920 998 1962; x_wconf 89' lang='lat' dir='ltr'>heroum</span> <span class='ocrx_word' id='word_1_232' title='bbox 1028 1937 1104 1962; x_wconf 87' lang='lat' dir='ltr'>nos</span> <span class='ocrx_word' id='word_1_233' title='bbox 1138 1920 1309 1975; x_wconf 73' lang='lat' dir='ltr'>[dactyli</span> <span class='ocrx_word' id='word_1_234' title='bbox 1334 1929 1375 1962; x_wconf 88' lang='lat' dir='ltr'>et</span> <span class='ocrx_word' id='word_1_235' title='bbox 1400 1922 1614 1977; x_wconf 86' lang='lat' dir='ltr'>anapaesti</span> <span class='ocrx_word' id='word_1_236' title='bbox 1649 1931 1690 1963; x_wconf 88' lang='lat' dir='ltr'>et</span> 
     </span>
    </p>
   </div>
   <div class='ocr_carea' id='block_1_4' title="bbox 314 1979 1692 2039">
    <p class='ocr_par' dir='ltr' id='par_1_4' title="bbox 314 1979 1692 2039">
     <span class='ocr_line' id='line_1_31' title="bbox 314 1979 1692 2039; baseline 0.004 -19"><span class='ocrx_word' id='word_1_237' title='bbox 314 1979 512 2034; x_wconf 88' lang='lat' dir='ltr'>-spondei</span> <span class='ocrx_word' id='word_1_238' title='bbox 547 1980 714 2036; x_wconf 88' lang='lat' dir='ltr'>pedem]</span> <span class='ocrx_word' id='word_1_239' title='bbox 754 1981 922 2023; x_wconf 75' lang='lat' dir='ltr'>invitat:</span> <span class='ocrx_word' id='word_1_240' title='bbox 966 1982 1009 2023; x_wconf 88' lang='lat' dir='ltr'>in</span> <span class='ocrx_word' id='word_1_241' title='bbox 1046 1998 1126 2036; x_wconf 89' lang='lat' dir='ltr'>quo</span> <span class='ocrx_word' id='word_1_242' title='bbox 1163 1983 1331 2038; x_wconf 88' lang='lat' dir='ltr'>impune</span> <span class='ocrx_word' id='word_1_243' title='bbox 1367 1984 1562 2039; x_wconf 80' lang='lat' dir='ltr'>progredi</span> <span class='ocrx_word' id='word_1_244' title='bbox 1595 1983 1692 2025; x_wconf 86' lang='lat' dir='ltr'>licet</span> 
     </span>
    </p>
   </div>
   <div class='ocr_carea' id='block_1_5' title="bbox 265 2242 313 2266">
    <p class='ocr_par' dir='ltr' id='par_1_5' title="bbox 265 2242 313 2266">
     <span class='ocr_line' id='line_1_32' title="bbox 265 2242 313 2266; baseline 0.021 -1"><span class='ocrx_word' id='word_1_245' title='bbox 265 2242 313 2266; x_wconf 68' lang='lat'>183</span> 
     </span>
    </p>
   </div>
   <div class='ocr_carea' id='block_1_6' title="bbox 336 2041 1691 2719">
    <p class='ocr_par' dir='ltr' id='par_1_6' title="bbox 336 2041 1691 2719">
     <span class='ocr_line' id='line_1_33' title="bbox 337 2041 1691 2100; baseline 0.003 -19"><span class='ocrx_word' id='word_1_246' title='bbox 337 2042 419 2083; x_wconf 85' lang='lat' dir='ltr'>duo</span> <span class='ocrx_word' id='word_1_247' title='bbox 451 2041 666 2084; x_wconf 85' lang='lat' dir='ltr'>dumtaxat</span> <span class='ocrx_word' id='word_1_248' title='bbox 691 2044 818 2098; x_wconf 87' lang='lat' dir='ltr'>pedes</span> <span class='ocrx_word' id='word_1_249' title='bbox 846 2052 915 2085; x_wconf 91' lang='lat' dir='ltr'>aut</span> <span class='ocrx_word' id='word_1_250' title='bbox 940 2044 1063 2099; x_wconf 88' lang='lat' dir='ltr'>paulo</span> <span class='ocrx_word' id='word_1_251' title='bbox 1088 2045 1201 2099; x_wconf 91' lang='lat' dir='ltr'>plus,</span> <span class='ocrx_word' id='word_1_252' title='bbox 1234 2060 1285 2087; x_wconf 91' lang='lat' dir='ltr'>ne</span> <span class='ocrx_word' id='word_1_253' title='bbox 1310 2046 1433 2100; x_wconf 90' lang='lat' dir='ltr'>plane</span> <span class='ocrx_word' id='word_1_254' title='bbox 1457 2046 1499 2086; x_wconf 92' lang='lat' dir='ltr'>in</span> <span class='ocrx_word' id='word_1_255' title='bbox 1524 2061 1691 2087; x_wconf 86' lang='lat' dir='ltr'>versum</span> 
     </span>
     <span class='ocr_line' id='line_1_34' title="bbox 337 2103 1690 2163; baseline 0.005 -21"><span class='ocrx_word' id='word_1_256' title='bbox 337 2110 409 2143; x_wconf 86' lang='lat' dir='ltr'>aut</span> <span class='ocrx_word' id='word_1_257' title='bbox 445 2103 755 2146; x_wconf 88' lang='lat' dir='ltr'>similitudinem</span> <span class='ocrx_word' id='word_1_258' title='bbox 790 2121 987 2147; x_wconf 83' lang='lat' dir='ltr'>versuum</span> <span class='ocrx_word' id='word_1_259' title='bbox 1028 2106 1278 2148; x_wconf 82' lang='lat' dir='ltr'>incidamus:</span> <span class='ocrx_word' id='word_1_260' title='bbox 1324 2107 1450 2148; x_wconf 83' lang='lat' dir='ltr'>‘altae</span> <span class='ocrx_word' id='word_1_261' title='bbox 1486 2115 1583 2149; x_wconf 87' lang='lat' dir='ltr'>sunt</span> <span class='ocrx_word' id='word_1_262' title='bbox 1617 2123 1690 2163; x_wconf 80' lang='lat' dir='ltr'>ge-</span> 
     </span>
     <span class='ocr_line' id='line_1_35' title="bbox 336 2165 1690 2225; baseline 0.004 -20"><span class='ocrx_word' id='word_1_263' title='bbox 336 2165 491 2215; x_wconf 88' lang='lat' dir='ltr'>minae,</span> <span class='ocrx_word' id='word_1_264' title='bbox 530 2166 697 2219; x_wconf 89' lang='lat' dir='ltr'>quibus’</span> <span class='ocrx_word' id='word_1_265' title='bbox 736 2167 778 2208; x_wconf 92' lang='lat' dir='ltr'>hi</span> <span class='ocrx_word' id='word_1_266' title='bbox 815 2175 898 2210; x_wconf 89' lang='lat' dir='ltr'>tres</span> <span class='ocrx_word' id='word_1_267' title='bbox 926 2167 1078 2224; x_wconf 82' lang='lat' dir='ltr'>[heroi]</span> <span class='ocrx_word' id='word_1_268' title='bbox 1115 2169 1243 2225; x_wconf 88' lang='lat' dir='ltr'>pedes</span> <span class='ocrx_word' id='word_1_269' title='bbox 1280 2170 1323 2210; x_wconf 89' lang='lat' dir='ltr'>in</span> <span class='ocrx_word' id='word_1_270' title='bbox 1358 2169 1560 2225; x_wconf 82' lang='lat' dir='ltr'>principia</span> <span class='ocrx_word' id='word_1_271' title='bbox 1593 2184 1690 2211; x_wconf 89' lang='lat' dir='ltr'>con-</span> 
     </span>
     <span class='ocr_line' id='line_1_36' title="bbox 338 2227 1690 2287; baseline 0.004 -20"><span class='ocrx_word' id='word_1_272' title='bbox 338 2227 630 2270; x_wconf 88' lang='lat' dir='ltr'>tinuandorum</span> <span class='ocrx_word' id='word_1_273' title='bbox 672 2231 896 2272; x_wconf 88' lang='lat' dir='ltr'>verborum</span> <span class='ocrx_word' id='word_1_274' title='bbox 933 2232 1033 2272; x_wconf 81' lang='lat' dir='ltr'>satis</span> <span class='ocrx_word' id='word_1_275' title='bbox 1077 2232 1225 2273; x_wconf 86' lang='lat' dir='ltr'>decore</span> <span class='ocrx_word' id='word_1_276' title='bbox 1263 2232 1427 2273; x_wconf 82' lang='lat' dir='ltr'>cadunt.</span> <span class='ocrx_word' id='word_1_277' title='bbox 1491 2233 1690 2287; x_wconf 88' lang='lat' dir='ltr'>probatur</span> 
     </span>
     <span class='ocr_line' id='line_1_37' title="bbox 336 2291 1687 2349; baseline 0.004 -20"><span class='ocrx_word' id='word_1_278' title='bbox 336 2297 474 2330; x_wconf 85' lang='lat' dir='ltr'>autem</span> <span class='ocrx_word' id='word_1_279' title='bbox 510 2291 562 2331; x_wconf 88' lang='lat' dir='ltr'>ab</span> <span class='ocrx_word' id='word_1_280' title='bbox 599 2291 746 2332; x_wconf 89' lang='lat' dir='ltr'>eodem</span> <span class='ocrx_word' id='word_1_281' title='bbox 782 2292 852 2333; x_wconf 89' lang='lat' dir='ltr'>illo</span> <span class='ocrx_word' id='word_1_282' title='bbox 889 2293 1069 2334; x_wconf 81' lang='lat' dir='ltr'>maxime</span> <span class='ocrx_word' id='word_1_283' title='bbox 1111 2309 1266 2349; x_wconf 90' lang='lat' dir='ltr'>paeon,</span> <span class='ocrx_word' id='word_1_284' title='bbox 1311 2294 1380 2347; x_wconf 86' lang='lat' dir='ltr'>qui</span> <span class='ocrx_word' id='word_1_285' title='bbox 1416 2300 1479 2335; x_wconf 90' lang='lat' dir='ltr'>est</span> <span class='ocrx_word' id='word_1_286' title='bbox 1516 2293 1687 2349; x_wconf 81' lang='lat' dir='ltr'>duplex:</span> 
     </span>
     <span class='ocr_line' id='line_1_38' title="bbox 336 2353 1687 2409; baseline 0.004 -18"><span class='ocrx_word' id='word_1_287' title='bbox 336 2367 432 2392; x_wconf 90' lang='lat' dir='ltr'>nam</span> <span class='ocrx_word' id='word_1_288' title='bbox 459 2360 530 2393; x_wconf 86' lang='lat' dir='ltr'>aut</span> <span class='ocrx_word' id='word_1_289' title='bbox 554 2368 578 2393; x_wconf 89' lang='lat' dir='ltr'>a</span> <span class='ocrx_word' id='word_1_290' title='bbox 600 2353 727 2408; x_wconf 76' lang='lat' dir='ltr'>longa</span> <span class='ocrx_word' id='word_1_291' title='bbox 751 2354 897 2403; x_wconf 85' lang='lat' dir='ltr'>oritur,</span> <span class='ocrx_word' id='word_1_292' title='bbox 932 2370 1055 2408; x_wconf 88' lang='lat' dir='ltr'>quam</span> <span class='ocrx_word' id='word_1_293' title='bbox 1080 2363 1162 2397; x_wconf 89' lang='lat' dir='ltr'>tres</span> <span class='ocrx_word' id='word_1_294' title='bbox 1194 2356 1341 2397; x_wconf 80' lang='lat' dir='ltr'>breves</span> <span class='ocrx_word' id='word_1_295' title='bbox 1368 2363 1687 2409; x_wconf 84' lang='lat' dir='ltr'>consequuntur,</span> 
     </span>
     <span class='ocr_line' id='line_1_39' title="bbox 336 2413 1689 2472; baseline 0.004 -20"><span class='ocrx_word' id='word_1_296' title='bbox 336 2420 381 2453; x_wconf 89' lang='lat' dir='ltr'>ut</span> <span class='ocrx_word' id='word_1_297' title='bbox 417 2413 519 2455; x_wconf 86' lang='lat' dir='ltr'>haec</span> <span class='ocrx_word' id='word_1_298' title='bbox 560 2415 690 2456; x_wconf 83' lang='lat' dir='ltr'>verba</span> <span class='ocrx_word' id='word_1_299' title='bbox 732 2416 946 2466; x_wconf 83' lang='lat' dir='ltr'>‘desi11ite,</span> <span class='ocrx_word' id='word_1_300' title='bbox 987 2417 1175 2472; x_wconf 84' lang='lat' dir='ltr'>incipite,</span> <span class='ocrx_word' id='word_1_301' title='bbox 1219 2417 1513 2472; x_wconf 84' lang='lat' dir='ltr'>comprimite,⁷</span> <span class='ocrx_word' id='word_1_302' title='bbox 1559 2425 1629 2458; x_wconf 89' lang='lat' dir='ltr'>aut</span> <span class='ocrx_word' id='word_1_303' title='bbox 1665 2432 1689 2458; x_wconf 88' lang='lat' dir='ltr'>a</span> 
     </span>
     <span class='ocr_line' id='line_1_40' title="bbox 336 2475 1685 2534; baseline 0.004 -20"><span class='ocrx_word' id='word_1_304' title='bbox 336 2475 531 2516; x_wconf 81' lang='lat' dir='ltr'>brevibus</span> <span class='ocrx_word' id='word_1_305' title='bbox 557 2477 752 2532; x_wconf 84' lang='lat' dir='ltr'>deinceps</span> <span class='ocrx_word' id='word_1_306' title='bbox 780 2478 909 2519; x_wconf 80' lang='lat' dir='ltr'>tribus</span> <span class='ocrx_word' id='word_1_307' title='bbox 919 2510 930 2528; x_wconf 92' lang='lat'>,</span> <span class='ocrx_word' id='word_1_308' title='bbox 967 2487 1152 2520; x_wconf 85' lang='lat' dir='ltr'>extrema</span> <span class='ocrx_word' id='word_1_309' title='bbox 1175 2480 1377 2534; x_wconf 88' lang='lat' dir='ltr'>producta</span> <span class='ocrx_word' id='word_1_310' title='bbox 1401 2486 1523 2532; x_wconf 88' lang='lat' dir='ltr'>atque</span> <span class='ocrx_word' id='word_1_311' title='bbox 1548 2479 1685 2533; x_wconf 78' lang='lat' dir='ltr'>longa,</span> 
     </span>
     <span class='ocr_line' id='line_1_41' title="bbox 337 2536 1686 2596; baseline 0.003 -21"><span class='ocrx_word' id='word_1_312' title='bbox 337 2536 442 2577; x_wconf 75' lang='lat' dir='ltr'>sieut</span> <span class='ocrx_word' id='word_1_313' title='bbox 474 2538 544 2578; x_wconf 86' lang='lat' dir='ltr'>illa</span> <span class='ocrx_word' id='word_1_314' title='bbox 580 2546 675 2579; x_wconf 82' lang='lat' dir='ltr'>sunt</span> <span class='ocrx_word' id='word_1_315' title='bbox 711 2540 992 2590; x_wconf 86' lang='lat' dir='ltr'>‘domuerant,</span> <span class='ocrx_word' id='word_1_316' title='bbox 1032 2541 1290 2596; x_wconf 80' lang='lat' dir='ltr'>sonipedes;’</span> <span class='ocrx_word' id='word_1_317' title='bbox 1330 2548 1452 2594; x_wconf 86' lang='lat' dir='ltr'>atque</span> <span class='ocrx_word' id='word_1_318' title='bbox 1487 2541 1546 2580; x_wconf 91' lang='lat' dir='ltr'>illi</span> <span class='ocrx_word' id='word_1_319' title='bbox 1579 2539 1686 2595; x_wconf 89' lang='lat' dir='ltr'>[phi-</span> 
     </span>
     <span class='ocr_line' id='line_1_42' title="bbox 337 2597 1684 2658; baseline 0.003 -22"><span class='ocrx_word' id='word_1_320' title='bbox 337 2597 530 2653; x_wconf 84' lang='lat' dir='ltr'>losopho]</span> <span class='ocrx_word' id='word_1_321' title='bbox 576 2600 700 2641; x_wconf 83' lang='lat' dir='ltr'>ordiri</span> <span class='ocrx_word' id='word_1_322' title='bbox 743 2601 879 2656; x_wconf 86' lang='lat' dir='ltr'>placet</span> <span class='ocrx_word' id='word_1_323' title='bbox 921 2618 945 2642; x_wconf 91' lang='lat' dir='ltr'>a</span> <span class='ocrx_word' id='word_1_324' title='bbox 988 2603 1197 2657; x_wconf 86' lang='lat' dir='ltr'>superiore</span> <span class='ocrx_word' id='word_1_325' title='bbox 1238 2618 1415 2658; x_wconf 88' lang='lat' dir='ltr'>paeone,</span> <span class='ocrx_word' id='word_1_326' title='bbox 1457 2601 1684 2656; x_wconf 82' lang='lat' dir='ltr'>posteriore</span> 
     </span>
     <span class='ocr_line' id='line_1_43' title="bbox 337 2658 1682 2719; baseline 0.003 -22"><span class='ocrx_word' id='word_1_327' title='bbox 337 2658 470 2707; x_wconf 84' lang='lat' dir='ltr'>finire;</span> <span class='ocrx_word' id='word_1_328' title='bbox 508 2668 571 2701; x_wconf 88' lang='lat' dir='ltr'>est</span> <span class='ocrx_word' id='word_1_329' title='bbox 601 2670 738 2703; x_wconf 85' lang='lat' dir='ltr'>autem</span> <span class='ocrx_word' id='word_1_330' title='bbox 768 2678 900 2717; x_wconf 86' lang='lat' dir='ltr'>paeon</span> <span class='ocrx_word' id='word_1_331' title='bbox 939 2664 1003 2703; x_wconf 90' lang='lat' dir='ltr'>hic</span> <span class='ocrx_word' id='word_1_332' title='bbox 1043 2663 1280 2719; x_wconf 85' lang='lat' dir='ltr'>[posterior]</span> <span class='ocrx_word' id='word_1_333' title='bbox 1320 2680 1401 2704; x_wconf 86' lang='lat' dir='ltr'>non</span> <span class='ocrx_word' id='word_1_334' title='bbox 1435 2663 1682 2716; x_wconf 59' lang='lat' dir='ltr'>syllabarum</span> 
     </span>
    </p>
   </div>
  </div>
 </body>
</html>
