1859 3069
352 433 396 465 30

349 480 396 504 105

348 1077 394 1100 106

351 1634 395 1658 107

355 2377 400 2401 los

419 222 502 261 300
825 225 872 258 M.
899 223 1075 259 TULLII
1103 222 1365 256 CICERONIS

421 308 602 356 dicendi,
640 316 776 347 tamen
803 320 884 344 non
918 318 1081 357 semper
1112 302 1253 357 implet
1286 303 1394 342 auris
1427 319 1559 353 meas3
1597 304 1652 344 ita
1679 313 1773 345 sunt

421 373 565 412 avidae
591 378 630 410 et
656 382 829 422 capaces
856 373 894 406 ct
923 380 1085 419 semper
1105 364 1258 417 aliquid
1283 364 1530 405 immensum
1550 366 1775 406 infinitum-

420 448 499 487 que
531 431 780 472 desiderant.
842 428 916 468 sed
947 436 1103 471 tamen,
1143 426 1337 479 quoniam
1364 434 1403 467 et
1434 426 1543 467 hune
1569 436 1612 467 tu
1638 435 1775 468 orato-

419 511 506 536 rem
532 508 624 533 cum
650 492 737 532 eius
765 489 1070 531 studiosissimo
1094 489 1342 538 Pammene,
1376 503 1469 529 eum
1501 504 1616 530 esses
1642 490 1775 530 Athe-

419 558 502 605 nis,
536 564 667 596 totum
699 552 1015 608 diligentissime
1048 551 1279 605 cognovisti
1312 566 1447 604 neque
1479 567 1572 592 eum
1604 552 1774 592 dimittis

420 638 441 660 e
469 619 658 660 manibus
686 625 726 657 et
751 626 889 657 tamen
914 623 1057 655 nostra
1082 614 1206 655 etiam
1232 614 1413 661 lectitas,
1447 615 1563 654 vides
1588 616 1775 669 profecto

420 683 534 723 illum
559 680 689 721 multa
713 680 929 735 perficere,
955 692 1031 718 nos
1057 676 1186 717 multa
1211 677 1369 725 conari3
1396 676 1509 716 illum
1535 691 1673 731 posse,
1699 691 1775 716 nos

421 745 546 793 velle,
578 757 840 797 quocumque
866 740 989 781 modo
1016 754 1138 780 causa
1165 739 1366 794 postulet,
1400 739 1548 780 dicere.
1610 739 1683 779 sed
1708 739 1776 779 ille

419 822 616 861 magnus3
654 820 747 845 nam
777 812 815 844 et
843 802 1043 844 successit
1074 802 1163 857 ipse
1195 802 1358 856 magnis
1385 810 1424 842 et
1458 801 1659 842 maximos
1687 816 1777 841 ora-

420 879 530 911 tores
561 868 706 909 habuit.
737 867 940 920 aequalis:
978 881 1053 907 nos
1085 880 1284 919 magnum
1321 864 1584 913 fecissemus,
1623 863 1656 904 si
1689 863 1777 916 qui-

420 933 514 973 dem
534 931 829 987 potuissemus,
857 944 937 981 quo
964 927 1265 973 contendimus,
1292 927 1506 982 pervenire
1527 926 1568 966 in
1588 941 1637 967 ca
1660 927 1774 971 urbe.

419 995 459 1035 in
497 1009 597 1047 qua,
642 1001 687 1033 ut
724 992 780 1032 ait
802 990 1033 1039 Antonius,
1078 990 1241 1030 auditus
1280 990 1478 1042 eloquens
1516 1004 1637 1029 nemo
1675 997 1774 1028 erat.

420 1057 533 1110 atqui
559 1056 592 1097 si
617 1054 803 1095 Antonio
831 1052 1010 1094 Crassus
1037 1052 1233 1105 eloquens
1261 1052 1373 1092 visus
1406 1067 1488 1091 non
1515 1060 1576 1092 est
1604 1059 1673 1091 aut.
1699 1051 1775 1090 sibi

419 1120 528 1174 ipse,
566 1117 639 1158 tibi
671 1131 896 1169 numquam
925 1114 1050 1156 Cotta
1075 1115 1189 1155 visus
1216 1121 1345 1162 esset,
1383 1128 1607 1166 numquam
1636 1112 1774 1167 Sulpi—

419 1182 526 1229 cius,
569 1194 795 1232 numquam
836 1177 1109 1218 Hortensius:
1159 1176 1259 1216 nihil
1303 1175 1412 1217 enim
1457 1175 1591 1229 ample
1637 1173 1774 1221 Cotta,

419 1243 520 1284 nihil
557 1242 703 1283 leniter
736 1239 965 1295 Sulpicius,
1003 1255 1085 1279 non
1122 1239 1251 1278 multa
1288 1238 1468 1292 graviter
1504 1236 1774 1285 Hortensius3

421 1305 654 1361 superiores
685 1303 819 1357 magis
847 1302 899 1342 ad
930 1316 1051 1342 omne
1084 1316 1216 1355 genus
1249 1300 1352 1354 apti,
1392 1298 1594 1340 Crassum
1620 1298 1710 1338 dico
1736 1307 1775 1338 ct

420 1367 664 1409 Antonium.
724 1365 883 1405 ieiunas
920 1363 1046 1418 igitur
1082 1363 1204 1403 huius
1241 1361 1478 1416 multiplicis
1511 1370 1551 1401 et
1582 1360 1776 1413 aequabi-

420 1430 511 1471 liter
560 1428 602 1468 in
650 1427 789 1468 omnia
836 1441 991 1480 genera
1032 1425 1150 1465 fusae
1194 1423 1390 1465 orationis
1441 1422 1550 1463 auris
1599 1421 1775 1462 civitatis

421 1491 675 1546 accepimus,
725 1503 877 1541 easque
920 1503 996 1529 nos
1044 1487 1185 1542 primi,
1235 1487 1482 1540 quicumque
1526 1501 1688 1526 eramus
1737 1492 1777 1524 et

420 1553 842 1606 quantulumcumque
869 1550 1126 1598 dicebamus,
1155 1549 1207 1589 ad
1231 1548 1353 1589 huius
1380 1547 1543 1603 generis
1573 1546 1773 1602 [dicendi]

422 1615 615 1655 audiendi
639 1612 896 1654 incredibilia
922 1611 1059 1652 studia
1079 1611 1370 1652 convertimus.
1410 1610 1573 1663 quantis
1599 1609 1670 1649 illa
1693 1608 1776 1649 cla-

420 1677 603 1717 moribus
643 1674 942 1716 adulescentuli
986 1673 1165 1713 diximus
1206 1671 1275 1727 [dc
1315 1672 1517 1727 supplicio
1553 1670 1777 1727 parricida-

420 1738 551 1793 rum]‚
589 1753 693 1791 quae
731 1750 991 1789 nequaquam
1030 1736 1128 1776 satis
1168 1735 1395 1776 defervisse
1432 1742 1528 1789 post
1565 1734 1774 1786 aliquanto

422 1802 573 1843 sentire
595 1800 826 1855 coepimus:
853 1799 969 1852 ‘quid
990 1798 1097 1839 enim
1119 1807 1202 1838 tam
1224 1812 1440 1837 commune
1462 1811 1584 1850 quam
1607 1795 1774 1850 spiritus

422 1864 544 1912 vivis,
571 1870 679 1904 terra
702 1862 894 1910 mortuis,
921 1876 1033 1902 mare
1059 1860 1373 1907 fluctuantibus,
1400 1859 1495 1899 litus
1523 1858 1689 1899 eiectis?
1715 1858 1772 1898 ita

422 1926 584 1974 vivunt„
623 1925 719 1965 dum
758 1932 951 1979 possunt,
988 1932 1031 1963 ut
1064 1923 1212 1963 ducere
1245 1922 1424 1962 animam
1462 1921 1511 1961 de
1544 1919 1657 1960 caelo
1694 1935 1776 1960 non

423 1995 592 2040 queant3
631 1987 687 2026 ita
713 1986 960 2033 moriuntur,
997 1992 1043 2025 ut
1068 1999 1209 2025 corum
1241 1999 1339 2024 ossa
1363 1991 1470 2023 terra
1501 1998 1583 2023 non
1614 1989 1775 2036 tangat3

422 2050 479 2089 ita
514 2049 718 2089 iactantur
754 2048 967 2096 fluctibus,
1006 2055 1051 2087 ut
1087 2061 1313 2099 numquam
1351 2045 1586 2093 adluantur3
1623 2044 1680 2084 ita
1704 2059 1777 2098 po-

423 2122 576 2152 stremo
615 2111 838 2159 eiciuntur,
881 2118 927 2150 ut
969 2124 1019 2150 ne
1058 2110 1110 2149 ad
1148 2124 1249 2149 saxa
1284 2108 1450 2161 quidem
1493 2106 1644 2148 mortui
1681 2121 1778 2147 eon-

422 2172 670 2226 quiescant‚'
709 2180 749 2213 et
780 2187 885 2225 quae
924 2180 1163 2224 sequuntur.
1226 2179 1321 2211 sunt
1357 2170 1465 2210 enim
1497 2169 1635 2210 omnia
1673 2169 1777 2210 sicut

423 2234 699 2275 adulescentis
737 2250 819 2274 non
853 2242 935 2274 tam
961 2249 1003 2274 re
1031 2242 1071 2274 ct
1107 2233 1340 2273 maturitate
1378 2246 1501 2284 quam
1533 2246 1605 2285 spe
1637 2239 1675 2272 et
1707 2246 1778 2272 ex-

424 2297 677 2352 spectatione
696 2296 863 2336 laudati.
915 2296 966 2336 ab
992 2295 1069 2335 hae
1093 2295 1229 2335 indole
1256 2295 1337 2334 iam
1362 2294 1432 2334 illa
1451 2303 1628 2333 matura:
1656 2297 1778 2334 ‘uxor

426 2359 586 2413 generi,
624 2373 803 2399 noverca
838 2358 929 2407 filii,
973 2358 1080 2398 filiae
1118 2356 1281 2411 pellex.'
1342 2369 1417 2395 nec
1455 2370 1551 2396 vero
1589 2355 1654 2394 hic
1691 2362 1778 2395 erat

425 2437 530 2461 unus
558 2421 678 2461 ardor
702 2420 744 2460 in
769 2420 902 2469 nobis,
928 2428 973 2459 ut
997 2419 1074 2459 hoc
1100 2419 1223 2458 modo
1250 2417 1386 2459 omnia
1412 2417 1661 2466 diceremus3
1687 2416 1777 2471 ipsa

428 2483 537 2523 enim
562 2483 631 2523 illa
659 2481 752 2537 [pro
778 2480 950 2536 Roscio]
979 2481 1168 2521 iuvenilis
1195 2479 1469 2520 redundantia
1499 2479 1627 2518 multa
1652 2478 1777 2518 habet

426 2552 648 2593 attenuata,
676 2545 878 2597 quaedam
905 2544 1028 2584 etiam
1054 2544 1178 2598 paulo
1206 2543 1410 2587 hilariora,
1436 2551 1480 2581 ut
1505 2556 1579 2595 pro
1604 2541 1774 2587 Habito,

427 2622 498 2660 pro
527 2606 720 2647 Cornelio
748 2606 1063 2661 compluresque
1090 2605 1211 2653 aliac;
1250 2620 1370 2645 nemo
1397 2604 1506 2644 cuim
1531 2611 1667 2644 orator
1693 2613 1772 2642 tam

428 2668 555 2708 multa
586 2684 636 2708 ne
667 2669 708 2708 in
743 2668 905 2709 Graeco
943 2668 1108 2721 quidem
1147 2667 1230 2707 otio
1269 2666 1450 2721 scripsit,
1488 2680 1611 2718 quam
1646 2664 1773 2704 multa

429 2738 524 2770 sunt
561 2738 719 2778 nostra,
764 2745 894 2783 eaque
932 2730 1038 2770 hanc
1075 2730 1207 2783 ipsam
1253 2729 1423 2776 liabent,
1467 2742 1588 2780 quam
1630 2726 1772 2781 probo,
