1859 3069
519 279 722 315 BRUTUS
748 278 950 314 259—265.
1330 269 1412 311 257

59 361 219 404 tabulas
245 362 350 402 bene
375 360 506 416 pictas
534 361 748 402 conlocare
774 360 817 401 in
841 361 950 401 bono
975 359 1148 401 lumine:
1188 359 1295 400 hanc
1320 373 1414 400 cum

57 425 209 465 habeat.
233 423 500 478 praecipuam
525 422 691 463 laudem
711 422 754 462 in
779 421 1080 471 communibus,
1105 436 1189 462 non
1208 420 1329 462 video
1351 421 1416 461 cui

58 486 207 526 debeat
226 486 386 526 cedere.
432 485 694 540 splendidam
714 484 921 538 quandam
940 483 1191 538 minimeque
1210 490 1416 524 veterato-

56 548 160 589 riam
196 548 398 589 rationem
435 547 599 588 dicendi
637 554 767 596 tenet,
806 561 926 595 voce,
952 554 1085 595 motu,
1122 547 1257 588 forma
1292 546 1416 587 etiam

58 610 280 664 magnifica
305 617 344 650 et
370 624 574 664 generosa
599 609 780 662 quodam
805 609 958 649 modo.'
1008 617 1096 649 tum
1120 609 1278 650 Brutus
1305 613 1415 649 ‘ora-

59 671 190 712 tiones
229 671 395 724 quidem
441 671 528 712 eius
564 671 666 711 mihi
708 671 974 711 vehementer
1016 670 1262 725 probantur3
1307 684 1418 712 eom-

59 733 189 788 pluris
228 741 365 774 autem
401 733 503 787 legi3
542 740 665 785 atque
697 732 822 773 etiam
859 732 1176 774 commentarios
1215 733 1418 785 quosdam

62 795 226 850 scripsit
261 811 398 836 rerum
436 794 629 835 suarum.⁵
703 794 841 834 ‘valde
879 794 1063 847 quidenl'
1100 794 1270 848 inquam
1306 799 1419 850 ‘pro-

60 858 238 905 bandos3
277 857 376 896 nudi
413 856 522 897 enim
553 862 667 904 sunt,
704 855 806 895 recti
838 862 879 896 et
908 856 1092 905 venusti,
1130 856 1242 897 omni
1272 864 1418 897 ornatu

60 918 255 959 orationis
277 925 486 971 tamquam
507 924 623 958 veste
644 917 827 957 detracta
836 933 846 966 3
870 917 945 957 sed
960 918 1057 957 dum
1079 918 1209 958 voluit
1229 918 1330 959 alios
1346 918 1419 959 ha-

58 980 155 1020 bere
181 987 337 1034 parata,
353 980 462 1020 unde
483 986 705 1028 sumerent,
727 979 797 1031 qui
816 979 971 1019 vellent
992 979 1171 1019 scribere
1191 979 1418 1028 historiam,

58 1041 207 1096 ineptis
234 1052 399 1095 gratum
435 1041 612 1081 fortasse
646 1040 762 1089 fecit,
801 1041 872 1093 qui
902 1040 1042 1081 volent
1066 1040 1137 1081 illa
1173 1041 1418 1082 calamistris

58 1103 239 1152 inurere3
285 1117 408 1143 sanos
447 1102 614 1155 quidem
651 1102 840 1143 homines
878 1118 902 1142 a
939 1102 1157 1143 scribendo
1201 1102 1418 1143 deterruit:

58 1164 159 1204 nihil
185 1172 249 1204 cst
272 1164 381 1204 enim
400 1163 442 1203 in
462 1163 633 1205 historia
651 1179 756 1218 pura
775 1172 816 1204 et
833 1163 996 1205 inlustri
1015 1164 1217 1205 brevitate
1245 1164 1418 1206 dulcius.

61 1226 133 1267 sed
159 1226 211 1266 ad
236 1240 327 1275 eos,
355 1225 389 1266 si
412 1225 565 1280 placet,
593 1226 662 1279 qui
688 1226 772 1267 vita
797 1233 1084 1275 excesserunt,
1108 1233 1378 1267 revertamur.

107 1339 111 1342 q
140 1286 190 1328 C.
219 1287 398 1328 Sicinius
424 1287 550 1342 igitur
575 1287 628 1339 Q.
655 1288 849 1342 Pompeii
878 1288 1009 1338 illius,
1048 1288 1119 1341 qui
1150 1302 1298 1329 censor
1327 1288 1418 1338 fuit,

62 1364 114 1389 ex
137 1350 221 1390 filia
245 1365 388 1403 nepos,
416 1349 674 1402 quaestorius
700 1357 887 1390 mortuus
915 1357 990 1398 est,
1017 1349 1242 1404 probabilis
1269 1359 1419 1399 orator,

62 1411 144 1452 iam
180 1426 277 1451 vero
315 1411 439 1451 etiam
474 1411 693 1466 probatus,
733 1426 785 1452 ex
821 1410 900 1452 hac
935 1411 1049 1466 inopi
1085 1412 1137 1452 ad
1175 1411 1419 1461 ornandum,

64 1473 137 1514 sed
168 1474 221 1513 ad
244 1473 538 1514 inveniendum
564 1473 758 1528 expedita
781 1474 1070 1528 Hermagorae
1097 1473 1333 1528 disciplina:
1372 1488 1421 1514 ea

64 1535 134 1575 dat
157 1535 337 1576 rationes
375 1542 508 1576 certas
536 1542 576 1575 et
605 1543 829 1590 praecepta
865 1535 1047 1576 dicendi:
1086 1550 1191 1589 quae
1225 1536 1259 1576 si
1288 1535 1421 1576 mino-

62 1612 150 1637 rem
193 1597 347 1638 habent
389 1604 652 1652 apparatum,
698 1605 794 1638 sunt
837 1597 946 1638 enim
984 1597 1125 1647 exilia,
1169 1604 1308 1638 tamen
1349 1597 1422 1638 ha-

63 1659 162 1700 bent
204 1659 390 1700 ordinem
433 1668 473 1700 et
509 1660 710 1712 quasdam
747 1674 883 1700 errare
926 1660 968 1700 in
1012 1659 1188 1700 dicendo
1223 1674 1307 1700 non
1348 1674 1422 1714 pa-

64 1721 201 1762 tientis
239 1721 341 1761 vias.
408 1720 483 1761 has
519 1721 588 1762 ille
625 1728 770 1762 tenens
809 1729 849 1762 et
884 1728 1054 1775 paratus
1088 1721 1140 1762 ad
1171 1735 1318 1761 causas
1352 1735 1422 1761 ve-

64 1783 202 1832 niens,
229 1783 451 1823 verborum
476 1798 561 1823 non
586 1798 727 1838 egens,
754 1783 847 1838 ipsa
869 1783 940 1824 illa
965 1783 1273 1838 comparatione
1299 1782 1422 1823 disci-

63 1846 256 1901 plinaque
283 1845 446 1886 dicendi
471 1845 554 1886 iam
578 1845 620 1886 in
639 1854 906 1901 patronorum
926 1861 1143 1886 numerum
1162 1853 1419 1900 pervenerat.

65 1915 152 1948 erat
177 1907 300 1948 etiam
324 1907 386 1947 vir
412 1907 557 1948 doetus
589 1907 630 1947 in
657 1908 799 1963 primis
827 1907 876 1949 C.
902 1907 1104 1950 Visellius
1129 1909 1285 1956 Varro,
1323 1921 1421 1948 con-

67 1969 256 2009 sobrinus
292 1984 430 2019 meus,
469 1969 539 2023 qui
569 1969 646 2010 fuit
684 1984 778 2010 cum
810 1968 967 2011 Sicinio
1006 1976 1139 2010 aetate
1178 1968 1421 2009 coniunctus

67 2040 108 2071 et
133 2044 225 2070 011111
249 2037 345 2084 post
369 2031 553 2072 curulem
579 2031 830 2073 aedilitatem
866 2032 993 2072 iudex
1018 2030 1270 2084 quaestionis
1297 2038 1421 2079 esset,

69 2101 129 2134 est
155 2100 361 2134 mortuus:
398 2093 440 2133 in
465 2108 546 2147 quo
571 2094 704 2136 fateor
734 2094 847 2149 volgi
883 2094 1080 2135 iudicium
1105 2109 1130 2134 a
1154 2093 1304 2134 iudicio
1329 2107 1422 2134 meo

70 2155 337 2205 dissensisse3
373 2170 470 2196 nam
494 2156 648 2211 populo
673 2172 757 2197 non
783 2163 870 2197 erat
896 2156 996 2197 satis
1028 2155 1266 2197 vendibilis:
1303 2169 1423 2210 prae-

70 2232 166 2272 ceps
189 2217 391 2269 quaedam
417 2225 457 2257 et
481 2232 575 2258 011111
593 2218 745 2260 idcirco
767 2219 957 2268 obscura,
984 2218 1080 2272 quia
1099 2224 1309 2273 peracuta,
1336 2225 1424 2257 tum

69 2279 214 2333 rapida
252 2276 328 2332 [et]
368 2278 575 2320 celeritate
612 2287 778 2322 caecata-
816 2280 964 2330 orati03
1005 2280 1079 2321 sed
1114 2294 1248 2332 neque
1284 2279 1422 2320 verbis

72 2341 272 2395 aptita-em
297 2340 376 2381 cito
403 2341 529 2381 alium
554 2341 727 2382 dixerim
752 2357 886 2395 neque
913 2341 1127 2382 sententiis
1154 2341 1401 2381 crebriorem
1411 2357 1421 2390 3

71 2410 285 2458 praeterea
310 2404 517 2456 perfectus
543 2403 585 2443 in
609 2404 754 2444 litteris
785 2404 967 2457 iurisque
995 2403 1125 2444 civilis
1151 2403 1233 2443 iam
1259 2418 1283 2443 a
1306 2410 1422 2457 patre

71 2465 287 2505 Aculeone
319 2465 511 2505 traditam
536 2465 666 2505 tenuit
697 2465 969 2520 disciplinam.
1028 2464 1175 2518 reliqui
1201 2472 1316 2514 sunt,
1354 2465 1425 2518 qui

71 2527 222 2567 mortui
249 2526 346 2575 sint,
372 2527 426 2567 L.
453 2526 709 2580 Torquatus,
743 2542 865 2580 quem
892 2535 935 2567 tu
960 2542 1043 2568 non
1073 2534 1157 2566 tam
1183 2526 1262 2567 cito
1287 2527 1425 2567 rheto-

72 2605 158 2630 rem
196 2589 392 2637 dixisses,
432 2588 507 2629 etsi
539 2604 623 2629 non
654 2589 796 2629 deerat
831 2589 979 2637 oratio,
1019 2603 1159 2641 quam,
1196 2596 1243 2629 ut
1274 2587 1425 2629 Graeci

73 2651 232 2700 dicunt,
271 2650 513 2697 πολιτικόνς
552 2658 667 2690 erant
693 2651 736 2690 in
761 2666 809 2691 eo
834 2650 1035 2704 plurimae
1065 2650 1225 2691 litterae
1249 2665 1325 2691 nec
1351 2665 1424 2691 eae

74 2713 284 2767 volgares,
322 2713 396 2753 sed
432 2712 646 2752 interiores
684 2712 888 2765 quaedam
918 2719 959 2753 et
993 2712 1247 2761 reconditae;
1285 2712 1425 2753 divina

73 2774 288 2823 memoria,
328 2789 489 2814 summa
514 2774 734 2815 verborum
759 2781 800 2815 et
824 2773 1006 2828 gravitas
1033 2781 1071 2815 et
1103 2773 1325 2828 elegantia,
1362 2783 1423 2814 at-

142 2842 284 2868 sicemnis
299 2841 350 2867 vol.
368 2839 402 2867 ΙΙ.
1150 2844 1187 2873 17

1442 627 1491 651 262

1446 1287 1488 1320 76

1445 1335 1494 1359 263

1445 1925 1494 1948 21:11

1447 2481 1497 2505 265
