1859 3069
548 245 757 280 ORATOR
783 244 981 278 129—136.
1359 233 1439 274 307

84 328 340 377 iudiciorum,
361 327 462 367 nihil
483 326 669 375 Antonii,
691 325 792 365 nihil
814 323 977 373 Cottae,
998 323 1098 363 nihil
1120 321 1313 379 Sulpicii3
1334 323 1444 363 dice·—

84 391 154 431 bat
190 389 337 429 melius
375 403 500 442 quam
537 387 702 442 scripsit
730 386 997 428 Hortensius.
1058 400 1201 426 verum
1233 385 1336 425 haec
1367 384 1443 432 vis,

84 467 209 506 quam
234 451 488 505 quaerimus,
515 458 670 503 quanta
695 449 759 498 sit,
787 448 1058 503 suspicemur,
1085 447 1279 500 quoniam
1305 461 1445 487 exem-

82 515 199 570 plum
235 529 319 555 non
355 514 575 562 habemus,
620 519 691 553 aut
727 511 761 552 si
797 510 989 565 exempla
1026 509 1253 563 sequimur,
1298 524 1322 549 a
1356 508 1445 549 De-

83 576 300 617 mosthene
346 590 558 616 sumamus
602 582 643 614 et
685 574 852 627 quidem
897 579 1121 627 perpetuae
1164 571 1355 612 dictionis
1393 586 1445 611 ex

84 654 132 679 eo
176 638 286 687 loco,
329 638 439 678 unde
482 637 524 676 in
564 635 850 690 Ctesiphontis
894 634 1044 674 iudicio
1088 634 1138 674 de
1182 633 1266 674 suis
1309 632 1444 680 factis,

85 700 288 749 consiliis,
326 699 481 740 meritis
514 699 556 738 in
580 713 667 739 rem
698 697 907 753 publicam
939 697 1163 751 adgressus
1196 704 1259 737 est
1291 695 1444 736 dicere:

85 778 134 804 ea
169 762 356 817 profecto
394 761 524 801 oratio
561 761 603 800 in
641 775 733 800 eam
770 760 966 807 formam,
1005 773 1110 811 quae
1148 766 1211 799 est
1244 757 1370 798 insita
1405 756 1444 796 in

84 825 292 865 mentibus
318 824 491 871 nostris,
529 822 684 863 includi
712 822 770 862 sic
801 829 953 876 potest,
980 828 1026 861 ut
1050 820 1180 861 maior
1211 819 1447 873 eloquentia

86 903 170 928 non
195 886 440 938 requiratur.

167 947 252 988 Sed
277 947 359 987 iam
385 948 519 987 forma
544 946 635 1000 ipsa
660 954 787 985 restat
814 953 855 986 et
883 943 1099 1000 χαρακτὴρ
1126 945 1213 993 ille,
1252 944 1321 997 qui
1347 944 1446 984 dici-

85 1018 168 1058 tur,
205 1008 275 1062 qui
307 1008 439 1061 qualis
472 1008 623 1048 debeat
653 1022 746 1047 esse
785 1022 834 1047 ex
868 1007 989 1061 ipsis,
1031 1022 1136 1059 quae
1175 1022 1301 1060 supra
1336 1006 1446 1046 dicta

85 1078 200 1119 sunt,
239 1069 425 1124 intellegi
462 1076 620 1124 potest3
658 1084 755 1108 nam
787 1078 828 1108 ct
860 1069 1117 1122 singulorum
1154 1069 1374 1108 verborum
1406 1075 1447 1107 et

85 1132 391 1174 conlocatorum
418 1132 577 1171 lumina
602 1131 834 1185 attigimus,
868 1130 1017 1183 quibus
1046 1130 1105 1170 sic
1130 1129 1376 1179 abundabit,
1402 1137 1448 1169 ut.

86 1195 259 1235 verbum
296 1208 348 1234 ex
384 1209 455 1234 ore
491 1194 650 1233 nullum
682 1193 762 1233 nisi
800 1202 868 1232 aut
908 1192 1079 1246 elegans
1113 1200 1183 1232 aut.
1219 1206 1346 1245 grave
1377 1206 1448 1231 ex-

85 1265 163 1306 eat,
191 1273 241 1298 ex
262 1256 458 1309 omnique
482 1271 635 1311 genere
661 1255 1023 1308 frequentissimae
1050 1254 1288 1294 tralationes
1314 1262 1446 1302 erunt,

86 1319 196 1372 quod
233 1334 305 1359 eae
342 1326 512 1373 propter
555 1318 867 1359 similiuulinem
911 1318 1166 1357 transferunt
1211 1316 1370 1357 animos
1409 1325 1449 1356 et

85 1382 267 1422 referunt
300 1396 348 1421 ac
378 1389 550 1421 movent
581 1381 662 1420 huc
694 1388 735 1420 et
764 1380 881 1428 illuc3
920 1379 989 1432 qui
1020 1387 1157 1419 motus
1185 1379 1446 1433 cogitationis

86 1444 272 1484 celeriter
298 1443 478 1497 agitatus
513 1457 587 1497 per
614 1458 657 1483 se
689 1442 778 1497 ipse
805 1441 981 1482 delectat
991 1458 1000 1490 3
1028 1449 1066 1481 et
1092 1441 1250 1493 reliqua
1275 1455 1326 1481 ex
1352 1455 1449 1481 con-

86 1505 289 1546 locatione
311 1505 532 1546 verborum
554 1520 659 1557 quac
685 1512 902 1544 sumuntur
922 1503 1040 1556 quasi
1061 1502 1229 1545 lumina.
1250 1517 1447 1557 magnum

87 1568 279 1608 adferunt
310 1574 501 1607 ornatum
528 1567 722 1615 orationi3
762 1577 858 1606 suut
890 1565 999 1605 enim
1031 1564 1181 1605 similia
1210 1564 1309 1613 illis,
1343 1579 1447 1617 quae

86 1630 128 1669 iu
154 1630 291 1683 amplo
317 1637 464 1669 ornatu
492 1643 641 1669 scenae
668 1635 737 1668 aut
763 1627 842 1668 fori
868 1627 1128 1682 appellantur
1146 1626 1338 1681 insignia,
1365 1642 1448 1667 non

86 1691 197 1744 quod
229 1691 318 1731 sola
348 1698 514 1739 ornent,
554 1691 628 1731 sed
659 1691 769 1743 quod
806 1690 1029 1730 excellant:
1068 1689 1211 1730 eadem
1250 1689 1353 1729 ratio
1385 1697 1448 1729 est.

86 1753 251 1801 horum,
290 1767 395 1805 quae
423 1761 516 1792 suut
544 1753 741 1792 orationis
774 1752 931 1792 lumina
957 1761 997 1792 ct
1029 1751 1208 1804 quodam
1238 1752 1362 1792 modo
1387 1751 1450 1791 in-

87 1814 238 1869 signia:
265 1828 359 1854 cum
386 1822 455 1855 aut
481 1815 743 1869 duplicantur
767 1814 1048 1866 iteranturque
1070 1814 1196 1853 verba
1215 1821 1285 1853 aut
1304 1813 1450 1854 leviter

87 1884 340 1917 commutata
370 1884 600 1931 ponuntur,
639 1885 708 1916 aut
741 1877 792 1916 ab
824 1877 969 1916 eodem
1009 1876 1134 1915 verbo
1167 1875 1328 1915 ducitur
1360 1890 1450 1915 sae-

86 1938 177 1992 pius
204 1938 334 1979 oratio
361 1947 432 1978 aut
456 1938 498 1978 in
524 1938 634 1978 idem
675 1938 874 1979 conicitur
906 1946 977 1978 aut
1006 1946 1244 1990 utrumque,
1283 1945 1353 1977 aut
1379 1938 1450 1977 ad-

86 2000 269 2055 iungitur
300 2000 411 2040 idem
447 2000 639 2041 iteratum
673 2008 744 2041 aut
773 2000 884 2040 idem
918 2000 970 2040 ad
1008 2008 1238 2040 extremum
1274 1999 1449 2040 refertur

88 2070 158 2102 aut
183 2062 441 2102 continenter
464 2077 593 2102 uuum
620 2063 794 2103 verbum
820 2078 903 2103 non
930 2063 1075 2103 eadem
1103 2063 1306 2103 sententia
1330 2062 1449 2116 poni-

87 2132 169 2172 tur3
197 2132 267 2164 aut
292 2138 385 2163 cum
413 2124 599 2165 similiter
627 2125 693 2165 vel
718 2125 871 2165 cadunt
897 2126 1023 2165 verba
1048 2125 1113 2165 vel
1140 2125 1351 2173 desinunt3
1379 2132 1450 2164 aut

88 2200 182 2225 cum
203 2192 298 2225 sunt
320 2186 534 2226 contrariis
557 2186 688 2227 relata
703 2187 926 2235 contraria:
949 2195 1019 2227 aut
1034 2202 1126 2226 cum
1143 2187 1347 2241 gradatim
1361 2202 1450 2226 sur-

89 2264 181 2288 sum
206 2263 373 2288 versum
395 2250 474 2288 itur
495 2257 529 2289 et
548 2249 722 2298 reditur3
749 2257 819 2290 aut
839 2264 932 2289 cum
955 2250 1132 2303 demptis
1154 2249 1451 2290 coniunctioni-

88 2311 165 2350 bus
193 2310 393 2350 dissolute
418 2310 538 2364 plura
563 2311 774 2360 dicuntur3
803 2319 872 2352 aut
892 2326 985 2352 cum
1011 2312 1166 2364 aliquid
1185 2320 1451 2366 praetcreune

89 2379 170 2420 tes,
212 2386 283 2411 cur
318 2371 361 2411 id
397 2372 611 2421 faciamus,
649 2374 926 2423 ostendimus3
971 2383 1040 2414 aut
1077 2388 1169 2414 cum
1206 2374 1449 2428 corrigimus

89 2441 250 2474 nosmet
276 2433 390 2487 ipsos
417 2434 535 2486 quasi
559 2435 930 2489 reprehendentcs3
970 2444 1040 2476 aut
1066 2436 1100 2476 si
1125 2444 1187 2476 est
1215 2436 1352 2489 aliqua
1380 2451 1451 2476 ex-

90 2495 282 2535 clamatio
324 2495 391 2535 vel
434 2496 717 2537 admirationis
761 2497 827 2537 vel
871 2498 1200 2550 conquestionis3
1244 2506 1315 2539 aut
1357 2513 1451 2538 cum

90 2558 276 2599 eiusdem
306 2558 484 2619 nominis
517 2573 639 2599 casus
673 2560 838 2615 saepius
870 2567 1186 2601 commutantur.
1248 2561 1322 2602 sed
1354 2576 1447 2602 sen-

90 2620 310 2660 tentiarum
336 2629 578 2661 ornamenta
609 2622 766 2663 maiora
797 2630 912 2672 sunt3
951 2623 1100 2675 quibus
1133 2623 1230 2676 quia
1254 2624 1447 2677 frequen-

90 2683 247 2724 tissime
272 2683 583 2724 Demosthenes
610 2684 755 2734 utitur,
795 2692 891 2725 sunt
917 2685 985 2738 qui
1009 2693 1157 2740 putent
1180 2685 1332 2726 idcirco
1358 2686 1446 2726 eius

90 2745 365 2799 eloquentiam
392 2745 570 2786 maxime
597 2761 689 2788 esse
716 2747 984 2796 laudabilcm;
1011 2755 1052 2788 et
1079 2763 1175 2788 vero
1197 2748 1334 2789 nullus
1362 2748 1448 2789 fere

1145 2816 1211 2847 20*

1472 401 1518 424 133

1471 937 1513 970 30

1473 984 1519 1008 134

1474 1703 1521 1727 135

1476 2570 1523 2594 136
