1859 3069
596 233 800 270 BRUTUS
825 232 1027 268 304—311.
1408 220 1490 261 269

136 331 228 358 esse
254 316 296 356 in
320 322 569 371 perpetuum
593 316 697 356 ratio
729 314 974 355 iudiciorum
1004 312 1242 354 videbatur:
1285 310 1491 353 occiderat

139 379 347 434 Sulpicius
373 379 442 420 illo
475 393 582 419 anno
614 385 779 431 tresque
815 376 1003 432 proximo
1034 376 1157 416 trium
1188 380 1369 415 aetatum
1400 388 1491 414 ora-

138 449 246 482 tores
273 448 388 481 erant
421 440 704 481 crudelissime
735 438 958 488 interfecti,
999 437 1052 490 Q.
1081 436 1275 486 Catulus,
1312 436 1375 477 M.
1400 436 1492 475 An-

137 503 292 553 tonius,
331 502 381 544 C.
419 503 563 544 Iulius.
632 501 797 558 [eodem
834 516 941 542 anno
979 501 1103 541 etiam
1138 499 1301 541 BIoloni
1325 498 1492 540 Rhodio

138 566 298 606 Romae
336 565 524 605 dedimus
564 580 730 619 operam
768 570 809 604 et
845 562 972 604 actori
1010 577 1170 603 summo
1202 575 1421 602 causarum
1452 566 1493 600 et

137 627 370 682 magistra]
432 627 534 667 haec
566 626 643 667 etsi
680 627 871 667 videntur
907 640 999 666 esse
1031 640 1055 665 a
1085 623 1299 679 proposita
1334 622 1492 663 ratione

139 689 322 738 diversa,
366 697 504 729 tamen
541 688 705 729 idcirco
732 703 756 728 a
791 703 856 728 me
892 687 1175 741 proferuntur,
1219 693 1265 726 ut
1305 691 1493 725 nostrum

140 765 307 792 cursum
343 751 597 806 perspicere,
636 749 831 803 quoniam
866 748 1052 796 voluisti,
1090 749 1239 796 Brute,
1276 746 1413 802 possis
1438 769 1494 774 —-

140 829 235 853 nam
261 813 403 853 Attico
429 812 532 852 haee
556 818 655 851 nota
680 818 774 851 sunt
793 835 849 839 —
869 818 910 850 et
934 810 1073 850 videre
1100 824 1223 862 quem
1250 809 1301 849 ad
1325 808 1495 849 modum

141 875 270 915 simus
296 875 337 914 in
364 873 497 928 spatio
524 872 577 924 Q.
606 872 878 913 Hortensium
903 871 1034 926 ipsius
1060 871 1248 925 vestigiis
1273 869 1493 925 persecuti.

138 937 358 976 triennium
395 936 480 975 fere
517 934 596 973 fuit
631 935 730 975 urbs
770 933 857 974 sine
896 933 1040 982 arinis,
1079 933 1153 973 sed
1184 941 1393 973 oratorum
1424 939 1494 972 aut

137 998 304 1038 interitu
331 1004 400 1037 aut
426 997 615 1037 discessu
640 1004 709 1036 aut
735 996 835 1050 fuga
852 1020 909 1024 —
926 1011 1024 1035 nam
1050 996 1221 1036 aberant
1247 994 1370 1035 etiam
1396 994 1496 1033 adu-

138 1062 340 1102 lescentes
366 1060 428 1101 M.
457 1059 638 1101 Crassus
665 1066 704 1099 et
730 1059 900 1099 Lentuli
926 1059 1006 1100 duo
1031 1082 1088 1087 ——
1110 1058 1265 1112 primas
1291 1057 1333 1097 in
1359 1055 1495 1097 causis

138 1123 286 1178 agebat
323 1122 596 1171 Hortensius,
633 1121 767 1175 magis
804 1121 1021 1176 magisque
1059 1120 1207 1161 cotidie
1244 1119 1498 1174 probabatur

137 1184 366 1233 Antistius3
404 1184 505 1225 Piso
533 1199 656 1239 saepe
689 1183 869 1232 dicebat,
907 1183 1043 1223 minus
1076 1197 1199 1236 saepe
1223 1180 1495 1236 Pomponius,

138 1262 230 1287 raro
264 1246 422 1295 Carbo,
462 1246 591 1287 semel
628 1253 697 1286 aut
732 1245 880 1286 iterum
910 1245 1145 1300 Philippus.
1206 1251 1248 1284 at
1283 1258 1380 1283 vvcro
1418 1257 1496 1296 ego

139 1308 217 1348 hoc
244 1315 427 1362 tempore
454 1307 565 1349 omni
595 1308 727 1349 noetis
754 1314 792 1348 et
820 1307 906 1347 dics
933 1306 975 1347 in
1001 1307 1184 1347 omnium
1217 1304 1496 1346 doctrinarum

139 1370 406 1410 meditatione
448 1370 665 1411 versabar:
708 1384 820 1410 eram
862 1384 955 1409 Cum
1001 1368 1142 1409 Stoico
1178 1367 1383 1415 Diodoto,
1428 1365 1498 1418 qui

141 1448 234 1472 cum
259 1431 531 1472 habitavisset
558 1431 669 1486 apud
691 1446 758 1472 me
782 1445 1028 1483 mecumque
1054 1429 1245 1478 vixisset,
1279 1443 1410 1482 nuper
1435 1436 1498 1468 est

142 1494 252 1535 (lonii
277 1508 395 1535 meae
426 1502 634 1543 mortuus3
673 1508 696 1533 a
721 1508 802 1546 quo
830 1507 923 1533 cum
948 1493 990 1532 in
1017 1492 1106 1532 aliis
1142 1491 1266 1531 rebus
1299 1498 1385 1530 tum
1413 1496 1499 1530 stu-

141 1556 375 1598 diosissime
401 1556 443 1596 in
475 1555 690 1596 dialectica
720 1555 962 1604 exercebar,
1001 1568 1105 1607 quae
1137 1552 1256 1606 quasi
1287 1558 1499 1592 contracta

140 1626 181 1659 et
218 1619 386 1659 astricta
423 1617 659 1671 eloquentia
694 1617 879 1672 putanda
916 1623 997 1665 est3
1036 1616 1124 1656 sine
1162 1630 1243 1668 qua
1279 1613 1403 1654 etiam
1440 1619 1497 1661 tu,

139 1682 283 1729 Brute,
309 1680 545 1721 iudicavisti
570 1687 609 1720 te
635 1679 746 1719 illam
772 1679 923 1719 iustam
945 1677 1236 1731 eloquentiam,
1263 1690 1387 1729 quam
1412 1675 1500 1714 dia-

140 1743 329 1784 lecticam
355 1743 568 1783 dilatatam
594 1757 686 1782 esse
710 1748 870 1796 putant,
897 1739 1095 1794 consequi
1120 1755 1203 1780 non
1227 1753 1366 1794 posse.
1403 1737 1500 1777 huie

142 1820 220 1859 ego
247 1805 405 1846 doctori
431 1812 471 1844 et
497 1804 584 1845 eius
618 1804 774 1844 artibus
806 1803 930 1844 variis
970 1810 1091 1856 atque
1127 1801 1267 1843 multis
1293 1801 1351 1841 ita
1387 1814 1499 1840 cram

143 1876 280 1908 tamen
323 1867 506 1916 deditus,
549 1874 595 1907 ut
632 1867 684 1907 ab
728 1866 1092 1907 exercitationibus
1135 1863 1323 1906 oratoriis
1360 1862 1499 1903 nullus

143 1929 230 1969 dies
258 1944 413 1969 vacuus
440 1935 563 1969 esset.
614 1929 924 1981 commentabar
950 1925 1363 1968 declamitans—sic
1389 1924 1499 1965 enim

144 2005 254 2031 nune
279 1991 572 2044 loquuntur—
593 2006 716 2046 saepe
744 2005 837 2031 cum
856 1990 919 2031 M.
940 1990 1095 2031 Pisone
1121 1997 1161 2030 et,
1186 2003 1279 2028 cum
1300 1987 1353 2038 Q.
1373 1986 1502 2027 Pom-

144 2052 237 2107 peio
276 2060 345 2093 aut
385 2067 479 2093 cum
522 2052 658 2106 aliquo
702 2052 869 2101 cotidie3
912 2052 1035 2105 idque
1078 2051 1283 2092 faciebam
1326 2048 1502 2088 multum

145 2115 269 2156 etiam
293 2114 466 2163 Latine,
493 2115 567 2155 sed
594 2114 754 2156 Graece
782 2114 966 2169 saepius,
993 2114 1059 2155 vel
1085 2113 1196 2167 quod
1223 2111 1387 2153 Graeca
1411 2124 1503 2150 ora-

145 2177 201 2218 tio
227 2177 346 2231 plura
370 2184 611 2217 ornamenta
637 2176 906 2232 suppeditans
945 2175 1287 2217 consuetudinem
1315 2171 1502 2213 similiter

146 2239 298 2279 Latine
336 2238 499 2279 dicendi
535 2239 766 2288 adferebat,
805 2239 870 2280 vel
907 2239 1019 2292 quod
1055 2253 1079 2278 a
1117 2236 1289 2278 Graecis
1329 2232 1501 2275 summis

148 2300 404 2349 doctoribus,
441 2300 521 2341 nisi
554 2299 714 2342 Graece
752 2300 951 2349 dicerem,
988 2314 1123 2352 neque
1155 2297 1304 2351 corrigi
1333 2310 1503 2351 possem

147 2378 280 2415 neque
308 2362 458 2403 doceri.
507 2362 706 2403 tumultus
731 2362 895 2403 interim
918 2360 1222 2416 [recuperanda
1245 2373 1289 2399 re
1315 2355 1499 2412 publica]

148 2434 188 2466 et
213 2424 391 2465 erudelis
417 2424 606 2465 interitus
633 2432 841 2466 oratorum
873 2424 1015 2473 trium,
1056 2422 1303 2469 Scaevolae,
1343 2419 1504 2461 Carbo-

147 2487 231 2536 nis,
258 2486 450 2527 Antistii:
487 2486 643 2527 reditus
671 2486 839 2535 Cottae,
867 2485 1082 2534 Curionis,
1110 2483 1273 2532 Crassi,
1300 2481 1503 2523 Lentulo-

147 2565 258 2597 rum,
284 2548 473 2604 Pompeii
483 2565 493 2597 3
519 2549 634 2603 leges
660 2556 702 2589 et
725 2549 877 2589 iudicia
902 2548 1143 2596 constituta3
1169 2553 1411 2600 recuperata
1434 2559 1501 2586 res

148 2612 331 2667 publica,
370 2626 421 2652 ex
451 2626 622 2651 numero
660 2618 798 2652 autem
835 2618 1044 2651 oratorum
1074 2608 1352 2664 Pomponius,
1391 2606 1503 2648 Cen-

149 2674 331 2722 sorinus,
362 2673 543 2714 Murena
569 2672 732 2713 sublati.
793 2680 880 2713 tum
905 2672 1083 2726 primum
1107 2686 1183 2712 nos
1209 2670 1262 2712 ad
1287 2684 1433 2711 causas
1461 2676 1502 2710 et

148 2735 331 2791 privatas
369 2742 410 2776 et
450 2734 640 2790 publicas
685 2733 796 2775 adire
840 2734 1071 2789 coepimus,
1114 2747 1197 2774 non
1239 2739 1284 2774 ut
1325 2732 1368 2773 in
1409 2732 1499 2773 foro

1515 326 1564 351 307

1517 631 1562 664 90

1518 947 1569 972 308

1521 1382 1570 1406 309

1525 1939 1575 1963 310

1526 2371 1573 2395 311
