1859 3069
318 376 363 410 52

312 507 362 532 ‘224

313 2287 357 2320 53

308 2336 316 2346 ς

387 216 442 258 48
790 225 840 260 Μ.
868 225 1047 261 TULLII
1073 224 1336 261 CICERONIS

389 306 561 348 suadere
586 307 702 355 velit,
740 306 939 360 cogitent,
977 305 1174 356 sentiant,
1205 306 1440 362 opinentur,
1472 315 1731 364 exspectent3

387 376 524 410 teneat
555 376 715 424 oportet
750 383 877 408 venas
915 368 1112 422 cuiusque
1143 369 1325 423 generis,
1363 370 1526 420 aetatis,
1564 370 1731 419 ordinis,

387 438 425 471 et
452 446 604 479 corum,
632 429 742 484 apud
761 443 864 482 quos
892 430 1045 482 aliquid
1070 436 1166 485 aget
1191 438 1260 471 aut
1284 431 1360 471 erit
1379 439 1556 482 acturus,
1582 432 1732 473 mentis

388 507 616 545 sensusque
642 492 833 546 degustet
841 508 851 541 ;
878 492 1218 547 philosophorum
1239 500 1376 534 autem
1399 494 1524 536 libros
1549 502 1734 536 reservet

386 554 463 594 sibi
489 554 541 594 ad
565 553 736 594 huiusce
762 553 873 594 modi
894 554 1121 595 Tusculani
1145 555 1329 608 requiem
1351 563 1475 609 *atque
1501 557 1640 605 otium,
1666 571 1731 605 ne,

386 616 420 656 si
446 616 609 668 quando
641 615 678 656 ei
703 615 923 656 dicendum
953 617 1029 658 erit
1060 617 1110 657 de
1135 617 1291 657 iustitia
1321 624 1361 657 ct
1390 618 1489 667 fide,
1525 625 1734 659 mutuetur

385 693 409 717 a
431 677 606 718 Platone
615 694 625 727 3
652 678 734 730 qui,
761 692 854 718 eum
879 678 981 720 haec
1001 679 1269 734 exprimenda
1292 679 1429 720 verbis
1456 680 1732 727 arbitraretur,

383 755 536 780 novam
572 740 781 793 quandam
804 740 923 781 finxit
946 741 988 781 in
1012 741 1125 782 libris
1159 741 1365 782 cixitatem
1374 758 1384 790 3
1420 756 1551 795 usque
1577 756 1626 782 eo
1650 741 1732 790 illa,

384 816 490 855 quae
527 801 702 843 dicenda
737 803 788 843 de
819 802 975 844 iustitia
1009 804 1199 858 putabat,
1238 819 1262 844 a
1291 803 1399 844 vitae
1436 804 1733 845 consuetudine

329 880 357 904 2.-
385 872 425 904 et
450 879 474 904 a
498 863 711 904 civitatum
734 865 918 906 moribus
944 865 1238 907 abhorrebant:
1265 865 1412 919 quodsi
1438 881 1486 906 ea
1510 866 1733 920 probaren-

384 933 449 966 tur
473 925 515 966 in
538 926 702 981 populis
729 934 852 980 atque
876 927 918 968 in
943 927 1190 977 civitatibus,
1218 928 1308 981 quis
1329 928 1414 977 tibi,
1443 927 1609 977 Crasse,
1636 943 1733 969 con—

384 988 599 1037 cessisset,
637 989 865 1031 clarissimo
901 989 988 1030 viro
1014 998 1053 1030 et
1079 990 1334 1045 amplissimo
1360 998 1400 1031 et
1423 990 1597 1044 principi
1634 990 1732 1030 civi-

383 1049 498 1099 tatis,
534 1058 581 1090 ut
604 1050 674 1091 illa
699 1050 856 1092 diceres
881 1051 923 1092 in
947 1052 1128 1093 maxima
1164 1052 1353 1093 contione
1379 1060 1541 1092 tuorum
1567 1052 1730 1101 civium,

383 1126 489 1165 quae
515 1112 679 1153 dixisti?
712 1113 874 1169 ‘eripite
899 1129 974 1155 nos
1001 1129 1052 1154 ex
1076 1114 1270 1163 miseriis,
1297 1114 1439 1169 eripite
1465 1129 1516 1155 ex
1541 1114 1730 1154 faucibus

383 1190 542 1224 eorum,
587 1190 760 1229 quorum
797 1176 1016 1217 crudelitas
1061 1183 1202 1218 nostro
1240 1177 1439 1231 sanguine
1476 1192 1559 1217 non
1594 1184 1733 1231 potest

383 1237 557 1292 cxpleri;
601 1238 727 1279 nolite
764 1238 897 1280 sinere
933 1254 1008 1280 nos
1047 1239 1237 1292 cuiquam
1283 1239 1453 1287 servire,
1496 1238 1575 1279 nisi
1612 1239 1730 1279 vobis

381 1299 605 1349 universis,
643 1300 791 1353 quibus
818 1308 857 1341 et
881 1316 1104 1355 possumus
1131 1309 1172 1341 et
1202 1301 1426 1341 debemus?
1488 1300 1631 1341 omitto
1656 1300 1731 1340 mi-

383 1362 530 1411 serias,
556 1362 599 1402 in
624 1363 786 1415 quibus,
812 1370 858 1403 ut
881 1363 939 1403 illi
965 1363 1096 1412 aiunt,
1122 1363 1183 1403 vir
1208 1363 1325 1404 fortis
1352 1378 1444 1403 esse
1468 1378 1550 1403 non
1575 1370 1709 1417 potest
1719 1379 1729 1411 3

382 1424 525 1465 omitto
556 1424 707 1474 faucis,
745 1439 797 1465 ex
829 1425 976 1477 quibus
1003 1432 1042 1466 te
1074 1424 1175 1479 eripi
1211 1425 1292 1473 vis,
1328 1439 1380 1465 ne
1404 1424 1555 1465 iudicio
1591 1424 1730 1477 iniquo

383 1487 651 1527 exsorbeatur
677 1488 846 1543 sanguis
872 1496 986 1538 tuus,
1025 1488 1136 1541 quod
1161 1487 1336 1542 sapienti
1365 1494 1521 1542 negant
1545 1487 1730 1527 accidere

380 1564 523 1603 posse:
551 1549 704 1590 servire
723 1565 821 1591 vero
846 1566 929 1591 non
948 1551 1071 1591 modo
1091 1557 1144 1600 te,
1171 1550 1244 1591 sed
1262 1550 1502 1591 universum
1529 1556 1730 1597 senatum,

309 1626 340 1649 22
382 1611 497 1651 euius
524 1618 610 1651 tum
636 1626 804 1652 causam
830 1614 1003 1667 agebas,
1031 1628 1155 1653 ausus
1182 1627 1226 1653 es
1253 1612 1412 1652 dicere?
1436 1618 1625 1666 potestne
1651 1610 1732 1651 vir-

382 1680 462 1721 tus,
490 1671 657 1721 Crasse,
685 1673 838 1714 servire
858 1674 946 1714 istis
969 1674 1217 1722 auctoribus,
1244 1688 1418 1726 quorum
1443 1682 1487 1713 tu
1510 1681 1732 1728 praecepta

382 1735 555 1776 oratoris
591 1735 787 1776 facultate
824 1736 1133 1790 complecteris?
1169 1749 1274 1788 quae
1305 1742 1345 1776 et
1381 1749 1542 1789 semper
1573 1741 1613 1775 et
1644 1734 1732 1774 sola

380 1797 511 1838 libera
535 1805 598 1837 est
622 1812 827 1851 quaeque,
865 1798 1026 1838 etiamsi
1059 1812 1230 1853 corpora
1260 1805 1381 1852 capta
1406 1797 1484 1837 sint
1511 1796 1634 1837 armis
1661 1804 1732 1837 aut

382 1859 603 1900 constricta
628 1860 814 1909 vinculis,
841 1867 980 1901 tamen
1006 1876 1126 1901 suum
1150 1861 1214 1901 ius
1241 1870 1362 1913 atque
1387 1859 1570 1901 omnium
1592 1874 1730 1899 rernm

380 1922 623 1977 impunitam
647 1922 879 1964 libertatem
904 1931 1043 1964 tenere
1069 1923 1203 1964 debet.
1265 1938 1369 1976 quae
1395 1937 1491 1963 vero
1523 1921 1728 1970 addidisti,

380 2000 463 2025 non
487 1984 611 2025 modo
644 1992 832 2025 senatum
859 1985 1012 2026 servire
1048 2000 1172 2040 posse
1203 1984 1374 2039 populo,
1414 1984 1487 2024 sed
1512 1983 1635 2023 etiam
1660 1983 1730 2023 de-

382 2047 498 2095 bere,
536 2046 626 2099 quis
652 2046 731 2088 1100
766 2046 1037 2102 philosophus
1069 2055 1153 2087 tam
1183 2047 1337 2095 mollis,
1376 2054 1459 2087 tam
1495 2045 1729 2100 languidus,

382 2118 467 2149 tam
504 2116 742 2158 enervatus,
780 2117 864 2150 tam
901 2109 1039 2150 omnia
1076 2109 1127 2149 ad
1158 2109 1413 2164 voluptatem
1444 2108 1624 2163 eorporis
1657 2107 1730 2148 do-

381 2170 592 2223 loremque
621 2170 805 2211 referens
842 2172 1017 2226 probare
1048 2178 1210 2226 posset,
1249 2178 1437 2211 senatum
1474 2169 1626 2211 servire
1656 2184 1730 2224 po-

380 2232 497 2287 pulo,
531 2232 595 2272 eui
618 2233 796 2288 populus
821 2233 910 2288 ipse
934 2233 1176 2274 moderandi
1201 2240 1241 2274 et
1264 2232 1435 2287 regendi
1461 2232 1524 2272 sui
1548 2239 1729 2286 potesta-

381 2301 464 2335 tem
490 2294 608 2348 quasi
633 2295 833 2348 quasdam
852 2295 1035 2337 habenas
1061 2296 1322 2336 tradidisset?
1346 2295 1483 2348 itaque
1508 2294 1610 2335 haec
1635 2308 1729 2335 eum

381 2371 406 2396 a
439 2363 478 2396 te
516 2356 710 2398 divinitus
747 2372 824 2412 ego
862 2358 970 2399 dieta
1006 2358 1242 2407 arbitrarer,
1277 2358 1327 2398 P.
1363 2356 1544 2398 Rutilius
1575 2356 1726 2404 Rufus,

381 2418 503 2459 homo
536 2418 682 2459 doctus
709 2426 749 2461 et
778 2419 1065 2475 philosophiae
1103 2420 1286 2468 deditus,
1322 2434 1405 2460 non
1434 2419 1557 2459 modo
1582 2433 1727 2473 parum

382 2481 608 2530 commode,
636 2481 710 2522 sed
734 2481 857 2522 etiam
882 2482 1054 2537 turpiter
1079 2490 1119 2522 et
1143 2481 1346 2536 flagitiose
1367 2480 1476 2521 dicta
1501 2495 1593 2521 esse
1618 2480 1727 2520 dice-

381 2541 468 2585 bat:
506 2542 696 2595 idemque
734 2542 925 2584 Servium
963 2543 1159 2593 Galbam,
1197 2558 1319 2596 quem
1354 2542 1562 2584 hominem
1597 2542 1725 2596 probe

382 2603 711 2646 commeminisse
737 2620 781 2646 se
813 2604 966 2655 aiebat,
1002 2605 1257 2660 pergraviter
1287 2604 1587 2659 reprehendere
1620 2602 1724 2643 sole-

381 2663 470 2711 bat,
507 2665 617 2717 quod
640 2666 694 2713 is,
732 2666 785 2707 L.
813 2665 1029 2709 Scribonio
1061 2667 1344 2721 quaestionem
1368 2666 1411 2706 in
1435 2681 1528 2706 eum
1552 2665 1722 2713 ferente,

381 2725 522 2780 populi
546 2726 867 2769 miscricordiam
892 2729 1157 2778 concitasset,
1194 2744 1287 2770 cum
1310 2727 1372 2768 M.
1400 2726 1524 2776 Cato,
1563 2725 1724 2768 Galbae
