1859 3069
313 650 360 676 136

313 1020 359 1045 157

310 1639 358 1663 158

309 2010 356 2035 159

315 2613 359 2646 35

312 2661 360 2685 160

386 234 441 275 32
786 242 835 276 M.
861 239 1038 276 TULLII
1063 238 1326 275 CICERONIS

386 338 516 377 eoque
559 338 650 364 sum
691 337 791 363 usus
835 321 1097 369 adulescens,
1140 327 1185 360 ut
1226 336 1478 362 summorum
1520 328 1727 362 olatorum

387 384 458 426 (11
451 400 569 426 tuas
607 384 811 425 orationes
848 382 1115 437 explicarem,
1158 383 1305 435 quibus
1341 383 1457 424 lectis
1494 383 1571 423 hoe
1608 383 1727 424 adse-

385 448 503 500 queb
507 463 558 496 11
590 454 651 495 ut,
684 460 776 485 cum
802 460 869 493 ea,
907 459 1011 497 quac
1035 444 1218 499 legeram
1244 444 1422 495 Graece,
1460 446 1609 486 Latine
1634 445 1727 485 red-

385 511 541 557 derem,
578 523 662 548 non
689 507 821 548 solum
852 506 1016 562 optimis
1053 507 1189 547 verbis
1215 514 1349 548 uterer
1374 515 1414 548 et
1438 516 1575 548 tamen
1598 508 1726 548 usita-

385 571 449 620 tis,
477 571 550 611 sed
575 569 697 609 etiam
717 568 989 623 exprimerem
1008 569 1211 622 quaedam
1236 569 1362 609 verba
1384 569 1594 619 imitando,
1621 584 1725 623 quae

383 648 491 673 nova
513 632 664 673 nostris
690 638 841 680 essent,
869 631 965 671 dum
989 631 1112 672 modo
1138 638 1277 671 essent
1300 631 1459 672 idonea.
1506 632 1586 672 iam
1612 632 1724 672 vocis

384 700 425 735 et
450 693 616 748 spiritus
643 699 684 733 et
718 693 842 734 totius
879 693 1060 748 corporis
1093 701 1133 733 ct
1161 693 1290 748 ipsius
1327 693 1491 748 linguae
1526 700 1661 734 motus
1687 701 1727 734 et

383 754 696 796 exercitationes
734 769 818 795 non
842 761 925 795 tam
950 755 1047 795 artis
1073 754 1259 809 indigent
1284 770 1406 808 quam
1430 754 1600 804 laboris3
1639 754 1727 808 qui-

382 818 459 858 bus
484 817 526 857 in
551 817 674 858 rebus
700 816 891 857 habenda
915 824 978 858 est
1001 817 1104 858 ratio
1125 817 1353 873 diligenter,
1380 833 1482 871 quos
1508 818 1725 867 imitemur,

383 894 556 932 quorum
593 877 746 919 similes
783 878 957 919 velimus
995 894 1100 920 esse.
1159 880 1344 920 intuendi
1373 880 1493 920 nobis
1526 887 1621 920 sunt
1644 895 1727 920 non

384 941 516 982 solum
541 949 742 989 oratores,
770 941 843 981 sed
867 940 990 981 etiam
1015 949 1193 990 actores,
1219 957 1270 982 ne
1294 942 1404 982 mala
1430 942 1725 983 consuetudine

386 1004 439 1044 ad
463 1003 641 1056 aliquam
666 1002 968 1044 deformitatem
992 1004 1319 1058 pravitatemque
1344 1004 1572 1045 veniamus.
1611 1019 1726 1045 exer-

383 1066 514 1109 cenda
549 1072 612 1106 est
649 1065 770 1106 etiam
806 1065 1004 1106 memoria
1040 1066 1270 1107 ediscendis
1308 1067 1360 1107 ad
1394 1067 1566 1107 verbum
1602 1080 1727 1119 quam

381 1128 568 1184 plurimis
595 1136 635 1168 et
665 1128 816 1169 nostris
855 1128 1015 1183 scriptis
1049 1136 1089 1169 et
1119 1129 1280 1178 alienis3
1319 1136 1439 1182 atque
1470 1129 1512 1168 in
1537 1144 1586 1169 ea
1610 1144 1727 1169 exer—

382 1190 573 1230 citatione
597 1206 681 1231 non
717 1205 815 1231 sane
839 1190 939 1230 mihi
978 1190 1167 1246 displicet
1191 1191 1404 1239 adhibere,
1441 1191 1474 1231 si
1500 1191 1724 1240 consueris,

385 1251 544 1307 [etiam]
571 1252 694 1293 istam
724 1252 907 1294 locorum
943 1252 1335 1306 simulacrorumque
1365 1252 1583 1301 rationem,
1621 1267 1725 1306 quae

380 1315 422 1355 in
448 1322 533 1355 arte
558 1315 743 1355 traditur.
803 1315 1016 1355 educenda
1053 1314 1200 1355 deinde
1237 1314 1360 1355 dictio
1386 1322 1449 1355 est
1475 1330 1525 1355 cx
1550 1315 1627 1355 hac
1653 1315 1726 1354 do-

380 1377 553 1417 mestica
583 1377 874 1418 exercitatione
901 1384 940 1417 et
965 1377 1173 1417 umbratili
1208 1377 1389 1417 medium
1413 1377 1455 1416 in
1480 1392 1647 1431 agmen,
1683 1377 1725 1416 in

381 1439 612 1493 pulverem,
650 1439 692 1479 in
717 1439 957 1487 clamorem,
995 1439 1037 1478 in
1062 1446 1198 1479 castra
1223 1447 1344 1492 atque
1369 1439 1410 1478 in
1436 1439 1565 1479 aciem
1589 1439 1726 1479 foren-

383 1515 489 1550 sem3
536 1501 774 1542 subeundus
810 1501 923 1541 visus
962 1500 1175 1541 hominum
1212 1508 1252 1541 et
1286 1500 1578 1556 periclitandae
1615 1501 1724 1541 vires

380 1561 553 1616 ingenii,
597 1570 637 1603 et
671 1563 741 1604 illa
777 1563 1065 1604 commentatio
1101 1563 1261 1603 inclusa
1295 1563 1337 1603 in
1374 1563 1556 1603 veritatis
1591 1563 1725 1603 lucem

381 1624 629 1679 proferenda
659 1632 740 1674 est3
778 1625 943 1680 legendi
968 1625 1091 1666 etiam
1126 1629 1290 1680 poetae,
1329 1625 1640 1679 cognoscendae
1665 1625 1726 1665 hi-

382 1686 550 1735 storiae,
589 1686 771 1726 omnium
795 1687 995 1727 bonarum
1020 1687 1167 1726 artium
1193 1687 1380 1727 doctores
1407 1694 1527 1739 atque
1554 1686 1725 1740 scripto-

380 1762 446 1788 res
471 1747 638 1802 legendi
675 1755 716 1788 et
738 1748 1026 1802 pervolutandi
1062 1756 1100 1788 et
1138 1748 1440 1788 exercitationis
1477 1762 1603 1788 causa
1636 1748 1725 1788 lau-

382 1809 524 1858 dandi,
550 1809 862 1864 interpretandi,
901 1810 1149 1863 corrigendi,
1188 1810 1465 1864 vituperandi,
1490 1810 1722 1859 refellendi;

382 1871 756 1926 disputandumque
783 1872 832 1911 de
858 1871 968 1912 omni
992 1887 1035 1912 re
1060 1872 1102 1911 in
1127 1871 1350 1913 contrarias
1375 1871 1503 1926 partis
1529 1878 1586 1920 et,
1613 1872 1725 1924 quic-

381 1933 480 1986 quid
516 1933 592 1974 erit
625 1933 667 1974 in
711 1948 873 1987 quaque
909 1949 971 1982 re,
1016 1934 1126 1986 quod
1166 1933 1378 1988 probabile
1415 1933 1544 1974 videri
1578 1933 1723 1988 possit,

383 1997 628 2038 eliciendum
667 1995 807 2051 [atque
844 1996 1102 2051 dicendum];
1139 1996 1458 2051 perdiscendum
1492 1996 1555 2036 ius
1592 1995 1722 2044 civile,

382 2059 694 2114 cognoscendae
719 2059 852 2114 leges,
888 2059 1154 2113 percipienda
1179 2058 1310 2099 omnis
1337 2058 1578 2111 antiquitas,
1606 2072 1724 2098 sena-

381 2122 485 2162 toria
532 2122 803 2170 consuetudo,
853 2121 1068 2175 disciplina
1107 2120 1167 2161 rei
1208 2121 1415 2175 publicae,
1462 2120 1552 2161 iura
1594 2119 1724 2161 socio-

379 2199 489 2232 rum,
544 2183 729 2232 foedera,
782 2183 1013 2238 pactiones,
1068 2197 1193 2223 eausa
1233 2182 1394 2237 imperii
1435 2182 1724 2237 cognoscenda

381 2252 462 2294 est3
499 2245 689 2286 libandus
716 2252 779 2286 est
803 2245 926 2285 etiam
951 2260 1001 2285 ex
1026 2244 1137 2286 omni
1161 2259 1313 2299 genere
1344 2243 1586 2284 urbanitatis
1612 2244 1721 2284 face-

381 2307 529 2347 tiarum
571 2307 737 2360 quidam
782 2307 918 2362 lepos,
967 2321 1047 2360 quo
1097 2313 1306 2359 tamquam
1353 2306 1438 2346 sale
1479 2320 1723 2360 persperga-

381 2375 446 2409 tur
481 2368 612 2409 omnis
648 2368 790 2410 oratio.
862 2369 989 2409 effudi
1020 2368 1136 2409 vobis
1168 2368 1305 2409 omnia
1340 2382 1444 2420 quae
1482 2367 1721 2413 sentiebam,

382 2445 485 2482 quae
510 2431 704 2480 fortasse,
736 2445 1033 2484 quemcumque
1064 2429 1400 2484 patremfamilias
1439 2427 1720 2483 adripuissetis

383 2506 433 2531 ex
469 2492 604 2545 aliquo
640 2493 809 2542 circulo,
847 2493 990 2533 eadem
1026 2492 1144 2533 vobis
1180 2491 1516 2548 percontantibus
1551 2504 1721 2544 respon-

384 2552 536 2594 disset?

461 2616 579 2656 Haec
615 2631 708 2657 eum
740 2616 918 2657 Crassus
957 2616 1147 2665 dixisset,
1185 2615 1390 2656 silentium
1427 2622 1489 2656 est
1524 2626 1720 2654 consecu-

385 2682 487 2725 tum3
515 2677 588 2717 sed
612 2693 861 2731 quamquam
887 2678 986 2718 satis
1013 2677 1091 2726 eis,
1130 2677 1199 2730 qui
1224 2677 1410 2724 aderant,
1443 2676 1494 2716 ad
1518 2675 1577 2723 id,
1609 2674 1720 2726 quod

384 2744 471 2778 erat
511 2739 785 2793 propositum,
834 2740 988 2780 dictum
1029 2739 1262 2788 videbatur,
1311 2745 1448 2778 tamen
1490 2735 1719 2777 sentiebant
