1859 3069
545 171 751 207 ORATOR
777 171 976 205 153-157.
1353 162 1434 201 313

139 255 308 296 texitur:
335 253 505 295 exitifim
531 268 705 293 examen
729 252 837 307 rapit

84 333 156 373 pro
194 316 461 364 ‘exitiorum‚'
500 331 582 356 non
615 315 713 355 dicit
751 313 975 362 ‘libertum'
1012 320 1059 353 ut
1089 311 1273 367 plerique
1303 311 1435 364 loqui-

83 394 192 428 mur,
226 392 320 418 cum
352 377 542 431 ‘cupidos
573 376 766 417 liberum’
801 384 867 416 aut
902 375 962 415 ‘in
992 375 1168 415 liberum
1195 373 1303 415 loco’
1337 374 1436 413 dici-

83 456 195 489 mus,
223 440 297 481 sed
322 446 368 479 ut
391 439 459 479 isti
484 439 646 480 volunt:

139 516 272 555 neque
299 512 343 542 tu
367 516 563 555 umquam
586 501 629 540 in
649 499 852 555 gremium
878 498 1051 540 extollas
1071 498 1292 539 liberorum
1320 514 1369 538 cx
1396 505 1434 538 te

973 561 1124 615 genus!

84 635 125 668 et
148 627 277 667 idem:

140 703 318 741 namque
344 688 570 742 Aesculapi
597 687 817 727 liberorum
846 719 874 727 ..
906 720 913 727 .

85 758 125 791 at
150 751 217 790 illc
244 751 345 790 alter
369 750 411 789 in
439 749 601 803 Chryse
626 764 710 789 non
737 749 889 789 solum:

140 812 270 859 cives,
298 811 455 863 antiqui
481 811 601 851 amici
626 810 828 850 maiorum
854 813 1073 850 mesum...

83 874 194 926 quod
218 881 306 913 erat
330 873 546 920 usitatum,
574 872 648 912 sed
673 871 814 911 durius
841 871 983 912 etiam:

142 933 360 974 consilinm
387 933 506 982 socii,
534 933 752 986 augurium
779 940 901 986 atque
927 936 1068 973 extum
1093 933 1338 988 interpretes
1367 967 1394 974 ..
1428 967 1435 974 .

83 996 277 1048 idemque
302 994 456 1049 pergit:

139 1065 359 1112 postquam
384 1055 621 1110 prodigium
647 1055 912 1104 horriferum,
944 1059 1181 1110 portentsun
1213 1072 1342 1112 pavor

83 1133 186 1171 quac
207 1133 289 1159 non
310 1133 408 1158 sane
435 1124 531 1157 sunt
555 1117 597 1157 in
622 1117 812 1157 omnibus
838 1117 994 1157 neutris
1015 1117 1188 1159 usitata:
1228 1133 1304 1158 nec
1330 1119 1438 1159 enim

84 1180 258 1221 dixerim
295 1187 379 1219 tam
419 1179 594 1220 libenter
633 1181 811 1219 ‘armum
848 1178 1076 1227 iudicium,’
1115 1179 1191 1219 etsi
1230 1187 1292 1220 cst
1329 1180 1438 1235 apud

84 1242 282 1283 eundem:

140 1304 252 1344 nilne
279 1304 330 1343 ad
357 1311 395 1343 te
423 1304 472 1343 de
498 1302 648 1342 iudicio
675 1305 835 1342 armum
861 1302 1032 1343 accidit?

84 1381 208 1419 quam
245 1366 489 1412 centuriam,
533 1374 579 1405 ut
615 1364 826 1405 censoriae
870 1365 1034 1405 tabulae
1070 1365 1313 1418 loquuntur,
1358 1367 1439 1406 ‘fa-
1466 1382 1513 1407 150·

83 1427 221 1467 brum'
249 1435 289 1467 et
316 1426 525 1481 ‘procum'
553 1427 685 1466 audeo
707 1426 855 1474 dicere,
876 1441 960 1466 non
987 1427 1233 1467 ‘fabrorum’
1261 1435 1301 1467 ct.
1327 1432 1438 1481 ‘pro-

84 1489 252 1530 corum.'
295 1489 501 1543 planeque
529 1488 724 1528 ‘duorum
749 1487 930 1528 virorum
949 1487 1162 1528 iudicium'
1191 1496 1261 1528 aut
1298 1489 1439 1529 ‘trium

83 1550 265 1591 virorum
302 1550 557 1605 capitalium'
598 1557 668 1590 aut
705 1550 867 1590 ‘decem
899 1550 1080 1590 virorum
1119 1550 1297 1591 stlitibus
1333 1551 1439 1591 iudi-

84 1613 244 1653 candis'
274 1612 364 1653 dico
390 1627 629 1665 numquam.
691 1612 803 1665 atqui
829 1612 932 1652 dixit
956 1612 1131 1652 Accius:

141 1674 261 1715 video
288 1675 477 1729 sepulcra
503 1675 583 1715 duo
610 1674 786 1715 duorum
812 1689 1042 1729 corporum.

85 1737 275 1790 idemque

140 1799 287 1840 mulier
311 1815 394 1839 una
419 1799 547 1839 duum
574 1799 720 1840 virum.

86 1863 183 1916 quid
213 1877 358 1903 verum
390 1862 440 1902 sit
473 1862 689 1917 intcllcg03
729 1863 803 1902 sed
841 1863 941 1903 alias
973 1863 1031 1902 ita
1066 1862 1229 1915 loquor,
1269 1870 1313 1903 ut
1344 1877 1442 1903 con-

85 1940 249 1965 cessum
275 1932 356 1973 est,
387 1932 433 1964 ut
457 1925 535 1965 hoc
560 1925 626 1965 vel
659 1925 781 1979 ‘proh
807 1925 947 1965 dcum'
982 1925 1072 1965 dico
1099 1925 1164 1964 vel
1197 1925 1317 1979 ‘proh
1344 1926 1442 1966 deo-

84 1986 201 2035 rum‚’
230 1987 331 2027 alias
356 1993 402 2026 ut
426 2001 597 2027 neccsse
624 1994 705 2035 est,
734 2002 827 2027 cum
854 1987 995 2026 ‘trium
1020 1987 1179 2034 virum,9
1206 2002 1290 2027 non
1316 1988 1444 2028 ‘viro-

85 2049 201 2097 rum‚’
230 2063 324 2088 eum
351 2049 606 2089 ‘sestertisun
627 2049 867 2098 nummsmn’
890 2065 972 2090 non
999 2050 1306 2098 ‘111111111101·11111‚'
1333 2051 1444 2103 quod

86 2110 128 2150 in
153 2110 216 2150 his
244 2111 500 2150 consuetudo
532 2111 647 2151 varia
683 2127 766 2152 non
793 2119 868 2152 est.
931 2111 1047 2164 quid,
1085 2112 1195 2164 quod
1221 2111 1280 2151 sic
1315 2112 1440 2164 loqui,
1466 2111 1509 2163 4-7

89 2176 244 2220 ‘nosse‚
266 2172 488 2212 iudicassc’
513 2180 665 2219 vetant,
688 2173 872 2213 ‘novisse
888 2173 1051 2213 ’iubent
1071 2181 1110 2213 et
1131 2172 1439 2214 ‘iudicavisseli’
1469 2159 1514 2183 ¹⁰⁷
1542 2171 1556 2180 ”

88 2233 206 2286 quasi
238 2248 334 2274 vero
365 2233 599 2274 nesciamus
630 2234 672 2274 in
703 2235 781 2275 hoc
812 2250 964 2289 genere
996 2242 1034 2274 et
1065 2235 1233 2289 plenum
1272 2235 1442 2275 verbum

89 2302 197 2336 recte
236 2295 314 2335 dici
346 2303 384 2335 et
415 2295 678 2336 innninutum
714 2297 877 2337 usitate.
937 2296 1075 2349 itaque
1112 2305 1330 2350 utrumque
1362 2297 1444 2337 Te-

88 2358 257 2407 lentius,

146 2420 243 2467 eho,
271 2426 314 2459 tu
340 2428 563 2474 cognatum
588 2429 705 2462 tuum
729 2437 813 2463 non
838 2422 988 2462 noras?

89 2489 185 2537 post
208 2481 321 2522 idem

640 2544 891 2599 Stilponem,
918 2544 1104 2597 inquam,
1130 2547 1332 2587 noveras?

92 2605 204 2646 ‘siet’
237 2606 406 2660 plenum
437 2613 518 2655 est,
553 2606 644 2647 ‘sit’
670 2606 950 2650 imminutum:
988 2606 1084 2647 licet
1114 2614 1229 2647 utare
1254 2614 1441 2661 utroque.

91 2682 190 2721 ergo
214 2667 387 2708 ibidem:
