1859 3069
315 261 382 294 DE
409 259 610 295 PARTIT.
639 259 900 295 ORATORlA
925 259 1060 294 DIAL.
1086 259 1247 294 42-50.
1368 251 1450 293 353

99 343 210 391 tatio,
238 342 310 383 sed
337 357 385 382 ea
409 341 634 391 conficitur,
661 355 755 382 cum
781 341 1006 397 sumpseris
1034 348 1103 382 aut
1126 356 1209 382 non
1230 340 1355 381 dubia
1380 350 1451 381 aut

99 404 348 460 probabilia,
388 419 440 444 ex
472 404 623 457 quibus
660 404 702 444 id
727 403 903 453 efficias,
942 403 1052 457 quod
1089 411 1160 444 aut
1184 403 1355 443 dubium
1381 409 1451 443 aut

97 467 232 508 minus
271 467 485 522 probabile
521 482 595 521 per
632 481 676 508 se
712 466 887 507 videtur.
954 465 1271 521 argumentandi
1312 472 1450 506 autem

97 529 178 570 duo
222 544 376 583 genera
424 536 538 578 sunt,
586 543 761 582 quorum
803 528 975 569 alterum
1024 528 1076 568 ad
1124 528 1248 568 fidem
1296 527 1450 568 directo

98 600 276 646 spectat,
315 591 488 631 alterum
526 605 569 632 se
601 590 773 631 inflectit
810 591 862 631 ad
898 598 1074 631 motum:
1113 589 1319 644 dirigitur,
1358 603 1451 629 eum

96 653 311 708 proposuit
338 653 510 706 aliquid,
549 653 660 706 quod
684 653 896 707 probaret,
925 652 1182 707 sumpsitque
1209 667 1275 701 ea,
1302 651 1450 704 quibus

95 715 305 763 nite-retur,
332 723 453 768 atque
469 714 531 755 his
547 715 797 755 confirmatis
813 715 865 755 ad
878 715 1136 769 propositum
1157 729 1201 755 se
1216 714 1370 755 rettulit
1392 723 1452 754 at-

97 792 175 830 que
201 777 415 818 conclusit.
474 777 545 817 illa
570 784 707 817 autem
733 777 860 818 altera
885 776 1206 831 argumentatio,
1244 776 1363 829 quasi
1388 791 1452 816 re-

95 847 157 880 tro
197 847 237 880 et
273 846 432 888 contra,
469 839 583 894 prius
621 839 746 879 sumit
781 854 886 892 quae
923 839 1010 880 volt
1050 853 1180 892 eaque
1218 838 1450 886 confirmat3

97 902 245 942 deinde
271 901 331 950 id,
358 901 468 954 quod
492 901 809 956 proponendum
834 901 930 950 fuit,
957 901 1155 956 permotis
1183 900 1329 942 animis
1355 900 1449 940 iacit

97 964 149 1003 ad
179 971 423 1004 extremum.
484 970 548 1003 est
579 962 703 1003 etiam
738 962 808 1003 illa
847 963 1023 1003 varietas
1056 963 1096 1003 in
1124 962 1449 1017 argumentando

96 1033 135 1065 et
160 1040 244 1065 11011
268 1024 491 1064 iniucunda.
511 1023 732 1072 distinctio,
758 1032 815 1072 ut,
842 1038 934 1065 eum
959 1025 1262 1079 interrogamus
1288 1031 1452 1064 nosmet

94 1086 207 1140 ipsos
237 1094 305 1126 aut
330 1094 621 1140 percontamur
647 1093 717 1126 aut
742 1085 992 1140 imperamus
1021 1094 1091 1127 aut
1115 1096 1319 1141 optamus,
1346 1100 1451 1139 quae

96 1155 193 1189 sunt
217 1163 310 1188 cum
336 1147 425 1188 aliis
451 1148 731 1202 compluribus
759 1149 1056 1189 sententiarum
1081 1157 1335 1189 ornamenta.
1390 1148 1450 1188 vi-

96 1217 182 1250 tare
209 1218 346 1250 autem
372 1209 682 1251 similitudinem
701 1210 928 1265 poterimus
955 1226 1037 1251 non
1065 1225 1226 1265 semper
1253 1226 1275 1251 a
1300 1226 1451 1266 propo-

96 1272 174 1312 sito
213 1272 438 1321 ordientes3
477 1272 578 1313 etsi
608 1288 692 1313 non
728 1272 867 1313 omnia
904 1272 1153 1327 disputando
1191 1272 1451 1313 confirmabi-

94 1349 187 1374 mus
214 1333 473 1386 breviterque
498 1333 718 1383 interdum,
746 1349 850 1387 quae
873 1344 989 1375 erunt
1018 1335 1116 1375 satis
1143 1342 1297 1389 aperta,
1324 1349 1451 1389 pone-

94 1411 205 1444 1nus3
245 1396 436 1449 quodque
474 1411 525 1436 ex
550 1395 608 1436 eis
646 1396 865 1445 efficietur,
904 1396 938 1437 si
963 1397 1005 1436 id
1037 1404 1223 1451 apertum
1262 1397 1330 1445 sit,
1369 1412 1451 1437 non

96 1458 341 1498 habebimus
368 1472 540 1499 neeesse
569 1473 731 1514 semper
757 1458 1015 1500 concludere.

176 1519 225 1561 C.
257 1521 306 1561 F.
334 1520 465 1572 Quid,
509 1520 596 1569 illa,
639 1535 743 1573 quae
783 1521 870 1562 sine
908 1529 993 1561 arte
1032 1521 1308 1576 appellantur,
1346 1535 1451 1574 quae

95 1582 177 1622 iam
214 1582 369 1622 dudum
407 1582 626 1636 adsumpta
664 1583 821 1632 dixisti,
866 1597 1095 1636 ecquonam
1138 1583 1261 1623 modo
1302 1581 1450 1637 [ecquo

95 1660 191 1685 nam
216 1643 325 1699 loco]
361 1644 459 1685 artis
491 1644 702 1698 indigent?
739 1643 789 1686 C.
815 1645 864 1686 P.
892 1646 961 1685 illa
999 1660 1094 1686 vero
1131 1644 1337 1699 indigent,
1374 1658 1451 1685 nec

96 1722 144 1747 eo
171 1706 360 1747 (licuntur
393 1706 479 1747 sine
513 1716 617 1754 arte,
658 1707 769 1760 quod
794 1707 851 1748 ita
887 1707 987 1756 sint,
1026 1707 1100 1748 sed
1136 1707 1246 1760 quod
1283 1722 1333 1748 ea
1367 1722 1451 1747 non

94 1769 201 1823 parit
237 1768 410 1809 oratoris
456 1784 540 1817 ars,
586 1769 659 1809 sed
696 1768 795 1810 foris
834 1769 887 1809 ad
924 1783 968 1809 se
1006 1769 1142 1809 delata
1183 1777 1321 1809 tamen
1365 1777 1450 1809 arte

95 1839 261 1881 tractat,
299 1839 340 1871 et
363 1831 542 1871 maxime
574 1831 614 1871 in
647 1831 834 1872 testibus.
894 1847 991 1872 nam
1017 1840 1055 1872 et
1088 1831 1137 1872 de
1175 1839 1261 1872 toto
1298 1846 1450 1886 genere

97 1893 263 1933 testium
289 1907 412 1946 quam
438 1893 479 1932 id
506 1893 558 1933 sit
582 1893 788 1933 infirmum
827 1908 950 1948 saepe
989 1893 1209 1934 dicendum
1235 1901 1298 1934 cst
1323 1901 1361 1934 et
1388 1908 1451 1933 ar-

95 1963 293 2009 gumenta
316 1970 454 1996 rerum
479 1970 572 1996 esse
608 1955 793 2010 propria,
831 1955 1067 1996 testimonia
1100 1963 1238 1995 autem
1262 1955 1452 1996 volunta-

96 2024 201 2065 tum3
245 2017 526 2070 utendumque
570 2017 791 2072 exemplis,
841 2017 989 2070 quibus
1033 2017 1207 2058 testibus
1251 2017 1451 2057 creditum

96 2094 180 2118 11011
207 2078 275 2127 sit,
315 2086 355 2118 et
381 2079 430 2118 de
458 2079 631 2134 singulis
657 2080 852 2128 testibus,
892 2079 925 2120 si
951 2088 1098 2120 natura
1122 2079 1235 2127 vani,
1265 2078 1298 2118 si
1322 2079 1449 2126 leves,

97 2139 131 2180 si
157 2154 249 2179 cum
276 2139 520 2194 ignominia,
549 2141 582 2181 si
609 2156 701 2196 spe,
729 2141 763 2181 si
788 2149 918 2190 metu,
953 2141 987 2181 si
1012 2140 1241 2189 iracundia,
1270 2140 1303 2180 si
1329 2140 1452 2180 mise-

96 2201 271 2242 ricordia
314 2201 498 2256 impulsi,
543 2202 576 2243 si
612 2202 815 2257 praemio,
861 2203 894 2243 si
931 2202 1065 2257 gratia
1113 2202 1296 2250 adducti3
1341 2216 1452 2243 com-

97 2262 351 2317 parandique
395 2277 487 2303 eum
530 2264 741 2318 superiore
784 2265 1026 2305 auctoritate
1069 2264 1254 2311 testium,
1299 2263 1449 2316 quibus

99 2335 238 2365 tamen
286 2325 486 2365 creditum
527 2341 609 2366 non
654 2326 718 2367 sit.
798 2342 921 2381 saepe
965 2326 1089 2367 etiam
1138 2325 1449 2378 quaestionibus

96 2386 374 2427 resistendum
400 2395 480 2436 est,
518 2388 629 2441 quod
654 2396 695 2428 et
720 2388 903 2430 dolorem
929 2388 1135 2442 fugientes
1162 2387 1278 2428 multi
1302 2387 1344 2427 in
1370 2395 1451 2428 tor-

98 2448 247 2489 mentis
275 2449 458 2490 ementiti
488 2464 689 2504 persaepe
728 2450 809 2490 sint
834 2450 1018 2503 morique
1055 2449 1275 2490 maluerint
1300 2449 1450 2489 falsum

98 2510 267 2551 fatendo
294 2525 417 2563 quam
444 2526 586 2552 verum
611 2511 823 2553 infitiando
850 2512 1006 2561 dolere;
1033 2512 1150 2551 multi
1176 2511 1299 2552 etiam
1325 2511 1450 2551 vitam

100 2587 217 2613 suam
254 2573 532 2627 neglexerint,
569 2581 615 2613 ut
645 2589 734 2622 eos,
772 2573 842 2626 qui
879 2574 937 2614 eis
978 2574 1174 2622 cariores,
1212 2588 1335 2626 quam
1371 2573 1451 2628 ipsi

99 2633 177 2675 sibi
202 2644 360 2682 essent,
386 2634 606 2675 liberarent
615 2651 625 2684 3
653 2635 720 2675 alii
746 2644 883 2676 autem
909 2644 978 2676 aut
1003 2645 1148 2676 natura
1173 2635 1354 2690 eorporis
1381 2645 1452 2676 aut

98 2696 397 2736 consuetudine
435 2696 601 2737 dolendi
633 2703 701 2736 aut
738 2704 850 2737 metu
887 2697 1078 2751 supplicii
1110 2711 1157 2737 ac
1187 2696 1330 2738 mortis
1367 2697 1451 2737 vim

99 2766 398 2799 tormentorum
433 2757 693 2812 pertulerint3
733 2759 800 2799 alii
837 2759 1019 2800 ementiti
1047 2759 1193 2799 sintin
1218 2774 1308 2808 eos,
1346 2773 1448 2811 quos

168 2823 312 2852 Ciceronis
327 2825 378 2851 υωῑ.
396 2824 428 2851 Il.
1177 2829 1218 2859 ‘23

1480 975 1512 999 4?

1476 1513 1520 1546 14

1480 1562 1514 1585 45

1480 1849 1513 1874 49

1480 2344 1514 2368 50
