1859 3069
281 789 322 819 1⁴3

283 1428 297 1450 t:
301 1428 316 1450 O

279 2230 310 2253 01

278 2687 317 2720 17

283 2736 314 2759 ⁴³2

351 207 430 249 1436
752 217 803 249 M.
829 214 1002 251 TULLII
1027 213 1289 251 CICERONIS

348 306 416 337 aut
443 298 494 338 ad
522 297 624 337 talos
653 305 721 336 aut
747 296 797 335 ad
823 303 1001 336 tesseras
1040 295 1257 336 conferunt
1282 306 1351 338 aut
1387 300 1510 339 etiam
1546 313 1699 338 novum

349 360 425 399 sibi
451 359 530 413 ipsi
556 359 734 410 aliquem
771 356 1009 410 excogitant
1033 356 1074 396 in
1100 357 1182 397 otio
1213 357 1374 408 ludum,
1415 360 1473 399 sic
1497 360 1555 400 illi
1582 376 1604 400 a
1629 376 1701 400 nc-

348 421 470 474 gotiis
496 420 672 474 publicis
699 427 910 471 tamquam
937 419 987 459 ab
1013 433 1137 473 opcrc
1163 427 1233 459 aut
1264 421 1515 475 temporibus
1543 422 1701 462 exclusi

347 491 416 522 aut
453 482 664 522 voluntate
692 495 767 520 sua
791 480 926 521 feriati
963 487 1070 521 totos
1098 495 1142 521 se
1168 481 1235 521 alii
1267 482 1320 521 ad
1355 486 1517 536 poetam,
1556 484 1622 523 alii
1649 484 1702 524 ad

345 552 598 597 geometras,
644 542 711 582 alii
749 543 802 582 ad
838 543 1018 583 musicos
1059 543 1338 592 contulerunt,
1376 544 1443 584 alii
1479 545 1619 594 etiam,
1656 554 1701 585 ut

347 604 567 653 dialectici,
606 619 761 645 novum
785 604 864 645 sibi
889 605 968 660 ipsi
995 605 1177 645 studium
1201 605 1429 659 ludumque
1453 616 1701 661 pepererunt

346 676 467 719 atque
498 666 539 706 in
577 666 635 706 eis
669 666 845 715 artibus,
885 681 989 720 quae
1027 676 1215 721 repertae
1253 675 1366 717 sunt,
1401 675 1447 708 ut
1481 682 1701 722 puerorum

346 736 504 768 mentes
526 728 578 767 ad
598 727 896 769 humanitatem
922 729 1176 783 fingerentur
1201 736 1324 782 atque
1346 730 1552 779 virtutem,
1579 744 1700 771 omne

347 801 509 844 tempus
548 798 670 842 atque
714 797 870 831 aetates
915 806 1011 831 suas
1050 799 1409 846 consumpserunt.
1482 792 1556 832 sed
1593 792 1702 844 quod

346 858 463 892 erant
486 851 654 904 quidam
680 852 798 905 eique
831 852 965 901 multi,
1004 853 1073 906 qui
1105 861 1175 893 aut
1199 853 1241 893 in
1264 868 1308 894 re
1339 853 1505 908 publica
1534 862 1701 909 propter

345 914 584 968 ancipitem,
622 929 727 967 quae
763 930 847 955 non
877 924 1015 969 potest
1051 930 1143 956 esse
1181 915 1386 965 seiuncta,
1424 915 1602 956 faciendi
1641 916 1701 955 di-

346 976 546 1029 cendique
585 976 830 1030 sapientiam
866 977 1078 1026 florerent,
1116 985 1159 1018 ut
1186 977 1511 1026 Themistocles,
1549 986 1594 1018 ut
1618 977 1700 1018 Pe-

343 1038 483 1087 ricles,
529 1045 571 1078 ut
608 1038 912 1088 Theramenes,
951 1047 1038 1088 aut,
1071 1040 1139 1092 qui
1176 1039 1311 1079 minus
1349 1040 1429 1094 ipsi
1465 1040 1507 1079 in
1542 1054 1587 1080 re
1623 1054 1700 1093 pu-

344 1101 450 1140 blica
481 1110 762 1151 versarentur,
802 1102 875 1142 scd
912 1102 1034 1143 huius
1073 1110 1209 1143 tamen
1247 1103 1433 1143 eiusdem
1472 1103 1698 1158 sapientiae

343 1162 531 1204 doctores
569 1172 728 1209 essent,
764 1171 811 1204 ut
848 1163 1047 1218 Gorgias,
1086 1164 1444 1219 Thrasymachus,
1476 1165 1697 1214 Isocrates,

343 1224 499 1265 inventi
525 1233 638 1274 sunt,
676 1226 764 1278 qui,
803 1240 897 1266 cum
927 1226 1008 1281 ipsi
1039 1226 1226 1267 doctrina
1251 1234 1291 1267 et
1315 1227 1481 1281 ingenio
1514 1227 1698 1268 abunda-

342 1295 452 1336 rent,
496 1302 519 1327 a
544 1302 586 1328 re
613 1295 751 1327 autem
778 1288 886 1327 civili
911 1296 951 1328 et
977 1303 1000 1328 a
1024 1288 1201 1342 negotiis
1228 1288 1352 1328 animi
1390 1288 1569 1341 quodam
1594 1288 1699 1328 iudi-

343 1348 404 1389 cio
432 1350 719 1399 abhorrerent,
757 1350 864 1391 hanc
890 1350 1053 1391 dicendi
1079 1351 1416 1391 exercitationem
1441 1351 1699 1405 exagitarent

347 1419 471 1464 atque
515 1421 843 1462 contenmerent3
894 1428 1069 1466 quorum
1111 1412 1303 1467 princeps
1350 1412 1543 1453 Socrates
1589 1411 1697 1467 [fuit,

343 1473 398 1521 is,
438 1474 525 1529 qui]
554 1475 738 1515 omnium
775 1475 1029 1516 eruditorum
1054 1475 1291 1516 testimonio
1317 1475 1523 1528 totiusque
1548 1475 1698 1516 iudicio

345 1534 544 1576 Graeciae
570 1551 662 1577 cum
687 1538 906 1591 prudentia
931 1546 969 1578 et
997 1537 1184 1578 acumine
1210 1544 1250 1578 et
1270 1546 1487 1578 venustate
1508 1544 1546 1578 et
1569 1537 1699 1578 subti-

341 1596 455 1638 litate
492 1606 578 1638 tum
614 1614 712 1639 vero
751 1599 1004 1652 eloquentia,
1049 1599 1266 1646 varietate,
1312 1599 1448 1654 copia,
1493 1614 1616 1652 quam
1654 1614 1698 1641 sc

342 1673 517 1712 cumque
542 1659 584 1699 in
608 1668 768 1714 partem
794 1661 976 1700 dedisset
999 1659 1201 1714 [omnium
1227 1661 1305 1701 fuit
1329 1661 1448 1701 facile
1469 1660 1696 1715 princeps]

342 1721 420 1769 eis,
448 1721 518 1773 qui
543 1721 662 1769 111100,
690 1736 794 1774 quae
820 1736 930 1761 nunc
954 1737 1030 1762 nos
1057 1721 1312 1774 quaerimus,
1340 1730 1574 1771 tractarent,
1601 1738 1698 1777 age-

341 1792 449 1832 rent,
495 1784 706 1832 docerent,
752 1799 845 1824 cum
881 1785 1047 1825 nomine
1092 1785 1398 1838 appellarentur
1440 1800 1541 1833 uno,
1587 1786 1697 1838 quod

341 1846 474 1887 omnis
500 1861 638 1887 rerum
663 1846 911 1901 optimarum
948 1846 1129 1900 cognitio
1157 1854 1278 1899 atque
1303 1846 1345 1886 in
1371 1846 1428 1887 eis
1455 1847 1694 1887 exercitatio

340 1908 604 1962 philosophia
639 1908 939 1957 nominaretur,
985 1908 1063 1948 1100
1099 1922 1316 1949 commune
1360 1924 1511 1949 nomen
1548 1908 1697 1963 eripuit

343 1970 631 2024 sapienterque
674 1970 878 2010 sentiendi
924 1978 964 2010 et
1006 1978 1148 2011 ornate
1192 1969 1355 2009 dicendi
1400 1970 1613 2010 scientiam
1653 1985 1698 2011 re

343 2031 601 2072 cohaerentis
647 2032 995 2086 disputationibus
1036 2032 1121 2071 suis
1161 2031 1387 2086 separavit,
1431 2032 1545 2072 cuius
1582 2032 1698 2087 inge-

341 2094 453 2134 nium
480 2094 697 2147 variosquc
725 2109 935 2135 sermones
961 2094 1257 2134 immortalitati
1284 2093 1445 2149 scriptis
1473 2094 1557 2134 suis
1575 2094 1697 2135 Plato

343 2156 527 2202 tradidit,
561 2170 654 2196 cum
678 2156 767 2210 ipse
793 2156 970 2196 litteram
1001 2153 1236 2210 [Socrates]
1270 2156 1426 2196 nullam
1450 2156 1695 2209 reliquisset.

342 2218 437 2258 hine
474 2218 692 2259 discidium
729 2218 831 2258 illud
867 2218 1024 2258 exstitit
1050 2218 1167 2271 quasi
1194 2218 1361 2272 linguae
1394 2226 1516 2271 atque
1548 2218 1695 2267 cordis,

343 2280 567 2321 absurdum
593 2295 691 2321 sane
718 2288 757 2321 et
781 2280 924 2321 inutile
951 2288 992 2321 et
1015 2280 1420 2336 reprehendendum‚
1458 2288 1504 2320 ut
1529 2280 1596 2320 alii
1621 2294 1695 2320 nos

344 2357 507 2397 sapere,
540 2342 607 2383 alii
633 2342 769 2383 dicere
796 2342 1010 2391 docerent3
1048 2357 1145 2382 nam
1171 2357 1265 2382 cum
1290 2349 1429 2382 essent
1454 2342 1592 2396 plures
1620 2340 1696 2381 orti

342 2405 427 2445 fere
454 2421 477 2445 a
504 2404 688 2453 Socrate,
716 2405 827 2457 quod
852 2420 903 2445 ex
927 2405 1036 2445 illius
1063 2404 1187 2445 variis
1214 2413 1254 2445 et
1279 2404 1452 2445 diversis
1479 2412 1519 2445 et
1543 2404 1585 2443 in
1609 2418 1696 2444 om—

342 2482 436 2506 nem
477 2474 637 2521 partem
673 2467 835 2507 diffusis
874 2466 1221 2521 disputationibus
1261 2466 1365 2506 alius
1403 2466 1514 2506 aliud
1550 2479 1694 2519 appre-

342 2527 558 2577 henderat,
594 2528 899 2583 proseminatae
926 2535 1022 2569 sunt
1048 2528 1166 2581 quasi
1192 2528 1372 2568 familiae
1404 2526 1692 2568 dissentientes

343 2590 446 2630 inter
483 2606 526 2631 sc
564 2599 605 2632 et
639 2591 815 2631 multum
850 2591 1077 2631 disiunctae
1104 2597 1144 2632 et
1180 2590 1385 2644 dispares,
1429 2604 1521 2629 cum
1558 2595 1692 2627 tamen

345 2666 486 2691 omncs
525 2667 569 2692 se
604 2652 841 2707 philosophi
873 2651 1107 2694 Socraticos
1146 2660 1186 2693 et
1222 2651 1302 2692 dici
1337 2651 1487 2692 vellent
1524 2656 1564 2690 et
1600 2663 1692 2688 esse

346 2713 656 2762 arbitrarentur-3
695 2729 742 2754 ac
778 2715 909 2769 primo
947 2716 998 2754 ab
1035 2715 1125 2769 ipso
1161 2714 1337 2755 Platone
1366 2710 1615 2752 Aristoteles
1653 2718 1693 2750 et
