1859 3069
539 217 746 252 ORATOR
772 218 971 252 114—120.
1350 210 1432 251 303

78 301 135 342 rei
163 300 386 341 videndum
411 310 474 340 est
499 314 603 353 quac
631 299 712 340 sint
737 299 826 340 eius
852 300 1015 355 generis
1043 300 1130 340 sive
1162 300 1319 341 formae
1346 301 1433 342 sive

77 369 235 418 partes,
260 370 306 403 ut
329 362 371 402 in
396 377 466 403 eas
493 362 694 402 tribuatur
719 361 852 403 omnis
879 361 1022 403 oratio.
1083 362 1159 402 erit
1182 362 1307 417 igitur
1332 363 1434 404 haec

78 425 253 464 facultas
280 424 322 464 in
347 439 415 474 eo,
454 438 577 477 quem
604 424 794 465 volumus
825 423 936 479 [esse
961 423 1263 480 eloquentem]‚
1294 434 1338 465 ut
1365 426 1436 466 de-

78 486 193 527 finire
217 501 302 527 rem
329 486 462 541 possit
497 500 631 539 neque
662 486 705 526 id
729 486 852 526 faciat
879 493 961 526 tam
999 502 1141 541 presse
1167 494 1208 528 et
1245 495 1434 542 anguste,

78 563 202 601 quam
226 549 268 588 in
294 548 373 589 illis
400 548 689 589 eruditissimis
716 548 1065 603 disputationibus
1092 549 1179 589 fieri
1206 549 1328 597 solet,
1362 550 1435 589 sed

78 625 172 650 eum
209 611 469 665 explanatius
515 618 602 650 tum
645 610 768 651 etiam
811 610 1004 661 uberius,
1043 618 1083 652 et
1123 611 1175 651 ad
1217 625 1434 652 commune

77 672 274 712 iudicium
316 673 642 727 popularemque
685 672 1011 727 intellegentiam
1059 673 1434 720 adcommodatiusss.

78 735 270 789 idemque
296 736 439 783 etiam,
478 749 571 775 eum
596 750 662 775 res
687 735 932 789 postulabit,
971 750 1102 790 genus
1128 736 1369 776 universum
1392 736 1434 776 in

78 798 238 852 speeies
265 806 417 846 certas,
454 806 499 838 ut
523 797 638 837 nulla
662 811 796 849 neque
826 798 1176 852 praetermittatur
1206 813 1340 851 neque
1371 813 1435 839 re-

78 859 251 907 dundet,
295 859 495 914 partietur
533 873 579 898 ac
618 859 786 899 dividet.
859 859 1023 911 quando
1061 868 1198 900 autem
1240 868 1310 900 aut
1354 875 1434 914 quo

78 922 199 961 modo
225 922 266 961 id
292 921 435 970 faciat,
466 921 567 960 nihil
594 920 647 961 ad
671 920 750 961 hoc
775 928 960 976 tempus,
992 922 1206 974 quoniam,
1239 930 1285 962 ut
1310 938 1435 978 supra

77 983 179 1031 dixi,
218 982 393 1022 iudicem
430 996 523 1022 esse
561 997 646 1030 me,
684 997 768 1022 non
804 982 1016 1023 doctorem
1053 983 1160 1024 volo.
1221 998 1298 1024 nec
1334 1000 1432 1026 vero

76 1044 300 1085 dialecticis
326 1044 450 1085 modo
482 1044 535 1084 sit>
566 1044 812 1093 instructus,
852 1045 926 1085 sed
962 1044 1111 1085 habeat
1144 1046 1276 1086 omnis
1302 1046 1435 1100 philo-

76 1107 246 1162 sophiae
272 1114 393 1148 notos
420 1120 467 1147 ae
493 1113 690 1147 tractatos
715 1106 849 1156 locos:
882 1107 983 1147 nihil
1010 1108 1118 1148 enim
1145 1108 1195 1148 de
1220 1108 1433 1162 religione,

74 1169 175 1209 nihil
202 1169 252 1209 de
278 1178 429 1218 morte,
461 1169 562 1209 nihil
589 1170 639 1210 de
664 1168 836 1224 pietate,
863 1169 964 1209 nihil
990 1169 1041 1210 de
1068 1170 1236 1211 caritate
1263 1170 1434 1224 patriae,

74 1232 176 1272 nihil
214 1232 265 1272 de
302 1232 423 1273 bonis
460 1233 585 1272 rebus
618 1240 689 1272 aut.
717 1231 858 1281 malis,
896 1231 998 1272 nihil
1030 1232 1081 1273 de
1112 1232 1332 1273 virtutibus
1365 1241 1436 1274 aut

75 1294 204 1343 vitiis,
231 1294 333 1333 nihil
359 1294 409 1334 de
437 1294 588 1343 officio,
615 1294 716 1335 nihil
742 1294 792 1335 de
820 1293 976 1343 dolore,
1002 1294 1103 1335 nihil
1130 1294 1180 1335 de
1207 1295 1432 1350 voluptate,

75 1356 176 1395 nihil
202 1356 252 1396 de
277 1356 655 1410 perturbationibus
689 1356 813 1397 animi
840 1365 881 1397 et.
906 1356 1132 1405 erroribus,
1171 1371 1276 1410 quae
1309 1373 1433 1413 saepe

75 1418 227 1458 eadunt
259 1418 300 1457 in
333 1432 500 1467 causas,
540 1418 614 1458 sed
650 1418 827 1459 ieiunius
860 1426 1055 1473 aguntur,
1093 1419 1213 1468 nihil,
1251 1419 1432 1473 inquam,

77 1479 165 1521 sine
190 1495 239 1520 ea
265 1480 455 1529 seientia,
483 1495 607 1534 quam
633 1480 731 1529 dixi,
758 1480 952 1535 graviter,
979 1481 1133 1536 ample,
1160 1481 1327 1537 copiose
1354 1482 1434 1522 dici

76 1550 117 1582 et
153 1541 350 1597 explicari
385 1550 536 1597 potest.
598 1543 649 1583 de
685 1542 858 1583 materia
893 1542 1040 1596 loquor
1076 1543 1272 1584 orationis
1310 1544 1435 1585 etiam

75 1618 203 1653 nune,
241 1619 323 1645 non
351 1604 401 1645 de
431 1604 523 1660 ipso
553 1619 706 1660 genere
739 1605 921 1654 dieendi3
959 1605 1054 1646 volo
1086 1605 1196 1646 enim
1220 1606 1335 1661 prius
1361 1606 1435 1647 ha-

76 1666 171 1707 beat
196 1674 333 1707 orator
356 1681 463 1715 rem,
503 1666 553 1706 de
579 1681 660 1719 qua
686 1666 813 1715 dicat,
853 1667 1021 1721 dignam
1049 1667 1217 1708 auribus
1249 1668 1433 1718 eruditis,

75 1742 198 1780 quam
226 1727 381 1782 cogitet
406 1727 556 1781 quibus
583 1727 721 1769 verbis
748 1728 929 1781 quidque
955 1729 1064 1769 dieat
1089 1737 1159 1770 aut
1183 1744 1263 1783 quo
1288 1730 1432 1780 mod03

75 1803 198 1842 quem
223 1789 364 1837 etiam,
393 1803 473 1842 quo
499 1789 695 1844 grandior
721 1789 774 1830 sit
798 1798 836 1831 et
864 1790 1044 1842 quodam
1067 1791 1191 1832 modo
1217 1792 1432 1841 excelsior,

75 1858 120 1891 ut
155 1852 205 1891 de
236 1851 398 1892 Pericle
437 1852 523 1892 dixi
561 1867 705 1907 supra,
743 1867 795 1893 ne
832 1852 1099 1907 physicorum
1136 1854 1303 1907 quidem
1340 1869 1432 1896 esse

74 1913 264 1968 ignarum
290 1913 383 1955 volo
410 1914 597 1963 omnino3
624 1914 830 1969 profecto,
858 1929 951 1954 eum
978 1930 1021 1955 se
1048 1931 1071 1955 a
1097 1916 1344 1957 caelestibus
1370 1931 1434 1957 re-

77 1977 152 2016 bus
182 1976 335 2017 referet
365 1976 418 2016 ad
449 1976 671 2026 humanas,
710 1977 914 2018 excelsius
952 1977 1367 2032 magnificentiusque
1393 1986 1432 2019 et

76 2037 183 2078 dicet
220 2046 261 2078 et
304 2038 453 2078 sentiet
463 2055 473 2088 ;
517 2053 694 2092 eumque
737 2038 808 2079 illa
851 2039 991 2080 divina
1034 2040 1292 2095 cognoverit,
1334 2041 1430 2082 nolo

75 2099 238 2154 ignoret
269 2114 321 2140 ne
354 2100 457 2140 haec
489 2100 656 2154 quidem
682 2101 882 2142 humana:
920 2101 984 2141 ius
1012 2102 1130 2143 civile
1156 2110 1312 2151 teneat,
1350 2117 1431 2156 quo

76 2170 200 2215 egent
243 2176 392 2203 causae
430 2162 618 2204 forenses
663 2163 832 2213 cotidie3
881 2164 980 2217 quid
1022 2174 1083 2205 est
1123 2164 1231 2205 enim
1274 2165 1432 2219 turpius

77 2238 200 2276 quam
225 2223 502 2277 legitimarum
528 2233 568 2265 et
594 2225 775 2266 civilium
807 2227 1181 2267 controversiarum
1206 2227 1434 2282 patrocinia

79 2284 301 2339 suscipere,
329 2300 423 2326 eum
448 2286 504 2327 sis
530 2287 670 2341 legum
696 2295 736 2328 et
761 2287 892 2328 civilis
912 2288 1011 2329 iuris
1037 2288 1232 2343 ignarus?
1258 2303 1434 2344 eognos-

79 2354 144 2387 cat
169 2347 293 2387 etiam
318 2363 454 2388 rerum
481 2357 694 2403 gestarum
719 2358 760 2390 et
784 2351 1008 2392 memoriae
1044 2351 1194 2391 veteris
1233 2352 1432 2400 ordinem,

77 2408 257 2450 maxime
284 2410 439 2450 scilicet
464 2419 630 2452 nostrae
652 2412 843 2462 civitatis,
870 2413 945 2453 sed
969 2412 1093 2453 etiam
1118 2413 1433 2467 imperiosorum

78 2471 325 2526 populorum
351 2480 392 2512 et
414 2488 562 2527 regum
581 2474 836 2524 inlustrium3
864 2490 987 2528 quem
1011 2476 1195 2517 laborem
1213 2476 1332 2517 nobis
1353 2477 1433 2517 At-

79 2533 146 2573 tici
171 2534 301 2574 nostri
325 2534 479 2576 levavit
503 2536 639 2586 labor,
676 2537 746 2590 qui
772 2537 946 2578 servatis
978 2538 1213 2592 notatisque
1239 2539 1433 2594 tempori-

77 2596 176 2644 bus,
208 2596 308 2637 nihil
334 2612 427 2638 cum
452 2598 624 2640 inlustre
649 2600 1012 2654 praetermitteret,
1050 2616 1252 2642 annorum
1278 2601 1432 2657 septin-

78 2668 297 2713 gentorum
322 2660 565 2701 memoriam
590 2676 672 2703 uno
697 2661 802 2702 libro
828 2662 1070 2716 conligavit:
1108 2663 1268 2704 nescire
1293 2671 1429 2704 autem

79 2720 178 2773 quid
209 2730 303 2761 ante
340 2735 463 2774 quam
495 2730 616 2763 natus
656 2723 711 2764 sis
739 2723 950 2771 acciderit,
987 2724 1029 2765 id
1055 2732 1118 2766 est
1149 2740 1312 2780 semper
1337 2741 1430 2768 esse

1460 384 1506 408 117

1461 1002 1509 1026 118

1458 1542 1502 1576 34

1459 1590 1507 1614 119

1458 2059 1507 2083 120
