1859 3069
484 215 552 249 DE
580 212 819 249 ORATORE
846 213 912 247 111.
937 211 1027 246 24--
1038 211 1093 245 30.
1385 200 1463 242 149

109 298 240 356 poetis
267 298 378 339 ceini
404 297 516 345 licet,
555 295 704 348 quibus
731 302 794 336 est
817 293 1007 350 proxima
1038 292 1230 347 cognatio
1256 306 1350 332 cum
1375 306 1421 332 οι
1424 307 1468 332 ιι-

110 362 285 403 teiibus:
324 376 449 414 quun
475 368 571 399 sunt
594 358 700 398 inter
726 372 817 398 sese
842 356 1025 404 Ennius,
1056 354 1264 396 Pacmius
1290 353 1469 393 Accius-

110 438 188 477 que
215 422 457 471 dissimiles3
496 436 620 474 quam
658 419 769 474 apud
795 418 980 460 Graecos
1006 416 1263 471 Aeschylus,
1304 415 1469 470 Sopho—

111 486 214 533 cles,
251 484 494 539 Euripides,
533 497 783 536 quamquam
820 481 1011 521 omnibus
1043 494 1118 534 par
1147 494 1279 533 paene
1310 478 1401 518 laus
1426 477 1468 517 in

111 546 299 587 dissimili
327 545 533 587 scribendi
554 559 706 600 genere
733 542 939 583 tribuitur!
968 542 1139 597 aspicite
1164 554 1273 581 nunc
1299 555 1369 581 eos
1396 539 1468 581 ho—
1487 561 1501 582 ι.)

111 609 242 649 mines
280 616 402 661 atque
439 606 673 655 intuemini,
711 619 887 658 quornm
920 605 970 645 de
1001 604 1196 644 facultate
1234 602 1468 656 quaerimus

115 670 233 725 [quid
258 670 418 711 intersit
449 669 554 709 inter
581 675 789 709 oratorum
822 666 958 707 studia
989 674 1112 719 atque
1138 663 1349 719 naturas]:
1377 679 1471 704 sua-

117 733 285 773 vitatem
316 732 543 779 Isocratem
583 729 853 770 subtilitatem
878 727 1052 781 Lysias,
1091 742 1265 768 acumen
1289 726 1472 780 Hyperi-

116 795 208 843 (100,
236 794 414 835 sonitum
441 792 697 840 Aeschines,
736 791 819 831 vim
843 791 1153 831 Demosthenes
1180 789 1341 830 habuit:
1380 788 1470 842 quis

115 871 256 896 eorum
280 870 363 895 non
390 854 610 909 egregius?
647 861 787 893 tamen
818 852 909 905 quis
948 852 1192 905 cuiusquam
1222 851 1301 891 nisi
1329 850 1390 891 sui
1417 850 1471 891 si-

113 918 246 957 milis?
284 916 530 970 gravitatem
567 915 813 963 Africanus,
850 914 1062 954 lenitatem
1086 913 1278 962 Laelius,
1316 912 1471 967 asperi-

116 986 242 1019 tatem
269 978 423 1025 Galba,
461 977 671 1032 profluens
708 976 905 1028 quiddam
942 975 1086 1016 habuit
1113 975 1252 1016 Carbo
1284 982 1324 1015 οι
1348 989 1472 1015 cano-

114 1056 221 1081 rum:
261 1040 352 1093 quis
380 1040 526 1080 horum
552 1055 635 1079 non
671 1039 864 1093 princeps
903 1038 1157 1093 temporibus
1188 1037 1268 1077 illis
1294 1036 1396 1077 fuit?
1432 1045 1473 1076 et

116 1118 190 1143 suo
227 1109 366 1142 tamen
403 1102 577 1154 quisque
614 1101 655 1140 in
692 1115 844 1155 genere
881 1100 1087 1154 princeps.
1149 1100 1224 1140 sed
1259 1098 1358 1152 quid
1393 1114 1471 1152 ego

115 1172 253 1205 vetera
273 1164 525 1217 conquiram,
553 1178 646 1203 cum
670 1162 771 1202 mihi
796 1162 918 1203 liceat
942 1162 999 1201 uti
1025 1162 1313 1216 praesentibus
1334 1176 1474 1202 exem-

117 1226 194 1281 plis
222 1234 343 1278 atque
369 1225 500 1266 vivis?
537 1225 635 1277 quid
660 1225 878 1265 iucundius
906 1224 1073 1264 auribus
1100 1224 1251 1264 nostris
1276 1238 1473 1276 umquam

117 1288 265 1327 accidit
290 1287 410 1327 huius
437 1287 621 1327 oratione
649 1285 813 1327 Catuli?
851 1301 957 1339 quae
983 1293 1046 1326 est
1076 1301 1179 1340 pura
1205 1285 1281 1334 sic,
1318 1292 1365 1325 ιιι
1388 1285 1474 1325 La-

118 1350 200 1389 tine
225 1349 337 1402 loqui
363 1364 495 1403 paene
521 1349 634 1389 solus
662 1348 867 1397 videatur,
907 1347 965 1388 sie
998 1355 1136 1387 autem
1166 1347 1326 1402 gravi&
1362 1354 1408 1387 ut
1432 1346 1474 1386 in

119 1411 317 1465 singulari
350 1411 550 1465 dignitate
588 1410 720 1451 omnis
758 1417 897 1450 tamen
928 1410 1037 1450 adsit
1072 1408 1307 1449 humanitas
1339 1423 1387 1448 ac
1417 1408 1475 1448 le-

119 1490 213 1527 pos:
257 1473 356 1525 qnid
392 1473 546 1512 multa?
589 1473 714 1513 istum
752 1472 924 1512 audiens
968 1471 1161 1524 equidem
1198 1471 1257 1511 sic
1292 1470 1473 1510 iudicare

120 1536 250 1581 soleo,
288 1534 483 1587 quiequid
510 1542 580 1575 ιιιιι
605 1533 812 1574 addideris
840 1541 909 1574 aut
933 1533 1158 1574 mutaveris.
1185 1539 1256 1573 aut
1286 1533 1475 1573 detraxe-

120 1598 191 1642 ris,
226 1596 411 1637 vitiosius
439 1604 479 1636 et
504 1596 683 1637 deterius
710 1596 906 1636 futurum.
967 1595 1084 1648 quid,
1110 1602 1251 1636 noster
1275 1594 1341 1634 hic
1368 1593 1475 1635 Cae-

120 1676 185 1699 swn
212 1674 347 1699 nonne
379 1675 458 1699 nox
464 1675 530 1699 am
567 1659 775 1711 quandam
810 1658 1013 1699 rationem
1044 1658 1179 1698 attulit
1214 1657 1409 1699 orationis
1435 1665 1475 1697 οι

119 1721 280 1761 dicendi
307 1736 437 1771 ‘renus
463 1721 627 1761 induxit
650 1736 698 1775 pl
701 1736 778 1775 ope
805 1720 1039 1774 singulare?
1072 1720 1162 1773 quis
1188 1734 1384 1773 umquam
1408 1734 1475 1759 res

119 1794 279 1838 practer
304 1766 413 1823 liunc
441 1781 589 1837 [trae-ic
595 1799 638 1823 as
664 1798 796 1837 paene
822 1757 1011 1838 coinicc‚]
1040 1782 1168 1823 tristis
1193 1782 1385 1831 remisse,
1413 1797 1477 1822 sc-

120 1860 238 1885 niis
266 1844 413 1894 hilare,
452 1845 629 1886 forensis
668 1845 832 1885 scenica
868 1860 996 1899 plope
1032 1851 1250 1885 venustate
1287 1843 1478 1884 tractaxit

121 1916 242 1960 atque
268 1907 343 1956 ita,
384 1915 429 1948 ut
453 1922 589 1960 neque
614 1907 729 1948 iocus
757 1907 1043 1962 magnitudine
1074 1922 1211 1947 rerum
1237 1906 1477 1947 excludere-

123 1979 186 2009 tur
211 1984 287 2010 nec
313 1971 494 2024 gravitas
522 1970 680 2011 facetiis
706 1970 984 2011 minueretur?
1009 1984 1103 2010 0000
1129 1977 1369 2024 praesentes
1396 1969 1476 2008 duo

124 2048 251 2087 prope
289 2033 482 2085 aequales
516 2032 726 2088 Sulpicius
765 2041 806 2074 et
839 2032 976 2073 Cotta.
1037 2032 1136 2085 quid
1172 2040 1255 2072 tam
1292 2031 1397 2071 inter
1434 2046 1478 2071 sc

125 2095 348 2135 dissimile?
390 2096 488 2149 quid
524 2103 608 2136 tam
643 2096 686 2136 in
722 2111 797 2136 suo
834 2110 986 2150 genere
1030 2095 1272 2149 praestans?
1313 2093 1478 2134 limatus

126 2157 226 2196 alter
252 2164 292 2197 et
317 2157 497 2207 subtilis,
534 2173 622 2198 rem
648 2157 858 2213 explicans
886 2157 1061 2212 propriis
1100 2156 1290 2211 aptisque
1321 2155 1477 2204 Yerbis3

127 2219 267 2259 haeret
290 2219 331 2258 in
358 2234 482 2259 causa
508 2234 670 2273 semper
695 2228 736 2259 et
761 2219 860 2272 quid
880 2219 1004 2259 iudici
1023 2219 1283 2273 probandum
1310 2218 1363 2258 sit
1387 2232 1480 2257 culn

128 2281 362 2321 acutissime
388 2281 506 2329 vidit,
540 2281 703 2321 omissis
730 2281 875 2321 ceteris
904 2279 1198 2335 [argumentis]
1226 2280 1268 2320 in
1293 2295 1341 2320 eo
1366 2295 1481 2320 men-

129 2352 209 2382 tem
230 2343 537 2395 oratismemque
558 2343 718 2397 defigit3
747 2342 957 2397 Sulpicius
979 2350 1116 2383 autem
1135 2342 1361 2383 fortissimo
1381 2356 1481 2395 quo-

129 2405 223 2444 dam
250 2404 373 2444 animi
408 2405 577 2459 impetu,
604 2404 845 2459 plenissima
875 2413 916 2445 et
945 2405 1126 2445 maxima
1162 2419 1281 2453 voce,
1321 2419 1481 2444 summa

130 2467 389 2507 ‹sstnitcntione
427 2467 609 2521 corporis
636 2474 676 2507 et
701 2466 900 2521 dignitate
938 2474 1091 2515 motus,
1129 2467 1349 2507 verborum
1380 2482 1480 2520 quo-

130 2544 207 2581 que
235 2544 283 2568 οιι
307 2529 508 2581 ιΩιι-ιινίιιιιρ
535 2536 575 2569 οι
600 2529 719 2583 copia
754 2536 835 2576 est,
872 2536 919 2569 ιιι
949 2544 1054 2569 unus
1087 2529 1139 2569 ad
1176 2529 1395 2569 dicendum
1420 2529 1480 2569 in-

131 2590 428 2631 striwtissimus
455 2606 478 2631 a
507 2598 654 2631 natura
690 2606 783 2631 esse
819 2591 1018 2632 videatur.
1079 2591 1132 2631 ad
1168 2598 1329 2632 nosmet
1365 2591 1478 2646 ipsos

131 2653 210 2692 iam
235 2660 436 2701 revertor,
475 2652 670 2705 qnoniam
696 2653 754 2693 sic
780 2652 932 2693 fuimus
959 2668 1122 2708 semper
1153 2654 1397 2708 comparati,
1434 2663 1478 2694 ut

131 2714 342 2755 hominum
368 2715 626 2756 sermonibus
666 2715 783 2768 qnasi
809 2714 850 2755 in
876 2714 1042 2768 aliquod
1078 2716 1350 2757 contentionis
1376 2716 1481 2756 iudi-

1494 1613 1526 1636 :30

1495 1986 1525 2008 31

1504 2591 1526 2621 5)

1498 2639 1531 2662 32
