1859 3069
295 859 343 883 220

374 198 456 240 246
772 206 824 240 M.
853 206 884 239 Τ
892 204 1029 240 ULLn
1057 204 1322 240 chERoxls

372 296 458 330 tum
472 287 615 342 flagitii
630 285 946 327 commisisset?
970 284 1088 338 ‘quid
1103 293 1253 335 autem,
1269 286 1608 340 inquam‘Brute‚
1625 287 1723 328 stul-

372 351 465 399 tius,
489 364 625 403 quam,
652 348 687 387 si
706 362 755 388 ea
774 347 1007 401 vituperare
1028 347 1205 396 volebat,
1226 362 1332 401 quae
1352 348 1613 404 vituperavit,
1641 365 1723 389 non

371 428 420 454 eo
445 421 629 465 tempore
653 409 867 450 instituere
895 424 1146 457 sermonem,
1179 423 1272 450 cum
1297 410 1458 451 illarum
1482 427 1619 452 rerum
1644 412 1724 451 iam

371 483 557 527 tempora
580 470 901 526 praeterissent?
938 471 1013 512 sed
1037 471 1095 512 ita
1124 478 1234 512 totus
1273 480 1399 521 errat,
1436 480 1481 513 ut
1512 473 1554 513 in
1579 474 1723 514 eodem

372 549 560 575 sermone
597 533 707 573 dicat
742 533 785 573 in
817 540 1006 574 senatum
1039 548 1083 574 se
1115 532 1298 575 Caesare
1335 535 1504 575 consule
1539 550 1623 576 non
1659 549 1725 576 ac-

371 597 534 645 cedere,
574 603 615 636 et
649 595 691 636 id
728 596 838 636 dicat
868 596 960 651 ipso
991 595 1160 637 consule
1193 596 1335 637 exiens
1361 611 1383 637 e
1410 604 1569 637 senatu.
1628 597 1723 643 iam,

370 658 439 712 qui
464 658 542 698 hac
572 665 689 714 parte
721 657 864 707 animi,
904 672 1009 711 quac
1040 665 1180 699 custos
1213 666 1277 699 est
1307 666 1535 699 ceterarum
1571 658 1724 713 ingenii

368 720 566 776 partium,
599 728 684 761 tam
709 720 857 761 debilis
884 728 1013 769 esset,
1044 729 1089 761 ut
1120 735 1172 761 ne
1196 719 1239 760 in
1270 720 1422 776 scripto
1450 720 1616 773 quidem
1640 736 1726 762 mc-

368 783 558 824 minisset
582 783 682 836 quid
706 783 832 838 paulo
865 790 960 824 ante
990 782 1219 837 posuisset,
1256 782 1353 823 huic
1382 783 1550 824 minime
1575 782 1725 823 mirum

369 853 433 886 est
468 860 520 886 ex
556 852 740 901 tempore
772 845 923 886 dicenti
956 845 1119 887 solitam
1149 846 1318 887 effluere
1349 852 1548 886 mentem:
1586 845 1723 898 itaque

369 922 462 948 cum
493 907 529 948 ei
559 922 636 948 nec
667 907 850 948 officium
882 907 1047 949 deesset
1079 916 1118 948 ct
1150 908 1344 962 flagraret
1381 907 1516 948 studio
1548 907 1723 956 dicendi,

368 984 600 1025 perpaucae
637 970 690 1010 ad
720 985 826 1010 eum
868 984 1018 1011 causae
1055 970 1364 1019 deferebantur3
1414 977 1551 1011 orator
1587 977 1724 1010 autem

372 1031 495 1086 [vivis
534 1032 622 1073 eius
661 1031 922 1087 aequalibus]
967 1032 1180 1088 proximus
1223 1032 1388 1087 optimis
1431 1032 1725 1072 numerabatur

367 1101 537 1150 propter
561 1094 782 1135 verborum
806 1094 1053 1143 bonitatem,
1084 1103 1130 1135 ut
1155 1101 1248 1135 ante
1282 1094 1385 1143 dixi,
1418 1101 1459 1135 et
1489 1093 1723 1148 expeditam

370 1170 417 1197 ae
447 1156 722 1211 profluentem
759 1157 939 1210 quodam
975 1157 1099 1199 modo
1137 1157 1401 1198 celeritatem.
1460 1156 1599 1210 itaque
1636 1156 1722 1197 eius

369 1218 575 1259 orationes
614 1219 874 1274 aspiciendas
913 1228 1052 1260 tamen
1089 1233 1258 1260 censeo:
1298 1226 1394 1259 sunt
1428 1218 1522 1258 illae
1559 1218 1724 1271 quidem

367 1281 669 1335 languidiores,
695 1297 840 1323 verum
864 1291 1003 1323 tamen
1026 1290 1204 1337 possunt
1229 1295 1381 1335 augere
1407 1290 1448 1321 et
1473 1279 1590 1333 quasi
1616 1279 1724 1320 alere

368 1343 411 1384 id
446 1344 621 1394 bonum,
658 1344 770 1398 quod
800 1344 842 1385 in
871 1344 942 1385 illo
977 1343 1238 1385 mediocriter
1274 1343 1404 1383 fuisse
1441 1341 1724 1390 concedimus3

370 1406 482 1459 quod
511 1406 637 1447 habet
667 1414 825 1447 tantam
854 1406 957 1455 vim,
994 1414 1038 1446 ut
1071 1405 1205 1447 solum
1236 1405 1324 1446 sine
1355 1404 1444 1445 aliis
1474 1404 1518 1444 in
1544 1402 1725 1445 Curione

371 1468 552 1522 speciem
584 1469 757 1510 oratoris
791 1469 963 1509 alicuius
995 1468 1191 1509 effecerit.
1254 1467 1327 1508 sed
1364 1467 1417 1508 ad
1446 1466 1632 1507 instituta
1661 1480 1726 1506 re-

371 1529 555 1571 deamus.

451 1593 502 1632 In
539 1593 685 1634 eodem
720 1593 845 1649 igitur
881 1608 1052 1634 numero
1089 1593 1276 1635 eiusdem
1313 1591 1458 1633 aetatis
1497 1590 1547 1632 C.
1586 1589 1725 1632 Carbo

373 1653 450 1694 suit
474 1654 582 1695 illius
610 1655 938 1708 eloquentissimi
962 1655 1039 1695 viri
1063 1655 1191 1696 filius:
1228 1670 1312 1695 non
1338 1653 1438 1694 satis
1465 1660 1609 1694 acutus
1635 1668 1726 1694 ora-

371 1726 452 1764 tor,
480 1716 554 1756 sed
578 1724 716 1757 tamen
742 1724 879 1757 orator
903 1724 1142 1757 numeratus
1170 1723 1251 1757 est:
1290 1723 1377 1756 erat
1401 1715 1443 1755 in
1468 1714 1605 1755 verbis
1631 1729 1725 1768 gra-

372 1777 477 1817 vitas
514 1786 555 1818 et
585 1778 706 1818 facile
738 1778 901 1819 dicebat
926 1786 967 1819 et
1003 1777 1288 1819 auctoritatem
1325 1776 1555 1817 naturalem
1594 1790 1724 1828 quan-

371 1839 467 1880 dam
491 1839 673 1880 habebat
696 1840 845 1889 oratio3
879 1840 1034 1881 acutior
1060 1839 1112 1892 Q.
1138 1839 1291 1882 Varius
1317 1839 1439 1879 rebus
1466 1836 1724 1878 inveniendis

370 1915 447 1942 nec
476 1901 613 1942 minus
645 1902 783 1942 verbis
821 1902 1058 1957 expeditus3
1096 1901 1214 1942 fortis
1253 1915 1350 1941 vero
1387 1909 1500 1940 actor
1530 1907 1570 1940 et
1601 1898 1725 1940 vehe-

370 1978 488 2004 mens
515 1971 556 2004 et
582 1963 718 2004 verbis
744 1978 820 2004 nec
844 1964 964 2019 inops
985 1978 1062 2004 nec
1083 1963 1266 2003 abiectus
1288 1971 1325 2002 ct
1347 1976 1468 2015 quem
1487 1961 1608 2015 plane
1635 1976 1726 2002 ora-

371 2034 502 2066 torem
528 2025 663 2066 dicere
688 2026 881 2075 auderes,
909 2025 988 2067 Cn.
1013 2025 1271 2080 Pomponius
1296 2024 1493 2064 lateribus
1518 2038 1724 2078 pugnans,

297 2098 346 2122 222
370 2087 545 2128 incitans
572 2087 750 2136 animos,
777 2102 888 2137 acer,
915 2088 1109 2136 acerbus,
1147 2086 1407 2127 criminosus,
1467 2085 1643 2126 multum
1669 2085 1720 2125 ab

371 2149 435 2189 his
466 2149 609 2190 aberat
632 2150 686 2190 L.
710 2150 876 2199 Fufius,
915 2158 1053 2190 tamen
1084 2164 1136 2190 ex
1173 2147 1436 2189 accusatione
1460 2147 1536 2187 M.’
1562 2146 1721 2200 Aquilii

370 2210 607 2265 diligentiae
655 2211 837 2252 fructum
884 2219 1061 2266 ceperat.
1137 2226 1235 2251 nam
1275 2210 1338 2250 M.
1380 2209 1569 2249 Drusum
1610 2216 1725 2249 tuum

371 2288 568 2328 magnum
588 2273 850 2323 avunculum,
877 2288 1047 2328 gravem
1067 2280 1284 2320 oratorem,
1310 2271 1368 2312 ita
1392 2271 1607 2311 dumtaxat
1631 2285 1725 2311 cum

373 2335 423 2375 de
448 2349 492 2376 re
516 2334 683 2389 publica
708 2335 880 2385 diceret3
906 2336 960 2376 L.
982 2342 1120 2376 autem
1145 2334 1372 2375 Lucullum
1397 2333 1520 2374 ctiam
1546 2340 1722 2381 acutum,

371 2404 613 2451 patremque
644 2405 779 2447 tuum,
810 2399 960 2446 Brute,
997 2397 1097 2438 iuris
1131 2411 1294 2451 quoque
1325 2404 1365 2437 et.
1394 2395 1548 2451 publici
1579 2403 1619 2436 et
1641 2395 1725 2450 pri-

372 2460 457 2500 vati
488 2475 588 2501 sane
617 2460 815 2516 peritum3
847 2461 910 2502 M.
936 2461 1182 2509 Lucullum,
1213 2459 1277 2500 M.
1305 2458 1529 2500 Octavium
1555 2457 1634 2499 Cn.
1659 2458 1722 2507 F„

372 2521 442 2574 qui
466 2528 625 2567 tantum
650 2523 892 2563 auctoritate
917 2522 1174 2575 dicendoque
1199 2521 1345 2570 valuit,
1370 2528 1417 2561 ut
1441 2520 1577 2575 legem
1604 2518 1723 2560 Sem-

372 2583 560 2636 pro'niam
589 2584 902 2626 frumentariam
931 2584 1075 2640 populi
1110 2583 1337 2637 frequentis
1369 2582 1578 2636 suffragiis
1604 2581 1721 2621 abro-

373 2644 549 2696 gaverit;
584 2645 662 2686 Cn.
691 2646 917 2688 Octavium
940 2647 1003 2687 M.
1027 2646 1077 2688 F.
1088 2678 1098 2696 ,
1129 2646 1192 2686 M.
1221 2645 1425 2687 Catonem
1455 2652 1633 2698 patrem,
1665 2640 1717 2692 Q.

373 2704 496 2745 etiam
523 2706 720 2747 Catulum
749 2708 880 2749 filium
911 2709 1164 2749 abducamus
1190 2722 1241 2748 ex
1272 2707 1377 2754 acie,
1413 2705 1455 2745 id
1480 2712 1542 2745 est
1567 2719 1590 2744 a
1614 2702 1718 2743 iudi-
