1859 3069
318 566 367 590 103

314 998 363 1021 104

311 1522 359 1546 105

308 1990 355 2014 106

307 2300 352 2324 107

394 210 448 251 22
796 218 847 251 M.
872 216 1044 251 TULLII
1068 213 1330 251 CICERONIS

393 299 444 340 de
476 314 556 353 qua
579 314 670 340 mco
707 298 904 338 arbitratu
934 296 1090 348 loquar,
1122 296 1300 350 ponitis?
1336 299 1500 351 quando
1528 298 1636 340 enim
1669 314 1735 340 me

391 362 471 403 ista
495 376 661 402 curasse
687 369 756 400 aut
794 359 998 413 cogitasse
1035 357 1286 399 arbitramini
1311 368 1350 400 et
1375 376 1457 401 non
1489 376 1650 416 semper
1674 361 1736 401 in-

392 424 534 464 risisse
558 423 694 477 potius
721 436 862 461 eorum
887 419 1099 460 hominum
1130 419 1446 474 impudentiam,
1483 423 1551 475 qui
1577 438 1668 462 cum
1694 423 1734 463 in

396 486 536 526 schola
561 483 819 524 adsedissent
844 496 995 536 magna
1019 481 1228 522 hominum
1251 483 1492 536 frequentia,
1520 485 1653 525 dicere
1674 485 1735 525 iu-

390 548 546 594 berent,
568 546 601 586 si
621 545 710 597 quis
731 535 830 597 quid
849 544 1086 597 quaereret?
1112 544 1221 597 quod
1243 545 1420 598 primum
1440 547 1574 587 serunt
1594 548 1734 588 Leon-

391 609 519 649 tinum
545 607 694 647 fecisse
721 606 941 661 Gorgiam,
981 606 1050 659 qui
1080 621 1352 661 permagnum
1383 608 1578 660 quiddam
1604 610 1733 649 susei-

388 685 485 724 pere
511 683 559 709 ac
583 668 765 723 profiteri
790 668 1024 716 videbatur,
1063 682 1154 707 cum
1181 683 1224 708 sc
1251 669 1302 708 ad
1327 670 1482 718 onmia,
1509 671 1559 710 de
1584 671 1732 723 quibus

390 731 562 784 quisque
588 729 729 770 audire
755 730 896 779 vellet,
934 744 1026 770 esse
1050 737 1240 784 paratum
1278 731 1552 781 denuntiaret3
1589 740 1735 787 postea

388 808 485 833 vero
522 792 644 847 volgo
680 792 759 833 1100
794 792 930 832 facere
971 800 1195 846 coeperunt
1229 792 1432 846 hodieque
1469 793 1643 843 faciunt,
1687 802 1733 834 ut

387 854 503 894 nulla
539 853 592 894 sit
626 869 692 894 res
730 868 863 907 neque
900 862 1014 894 tanta
1049 868 1181 906 neque
1223 861 1307 894 tam
1342 855 1566 910 improvisa
1600 869 1733 908 neque

387 924 471 957 tam
494 931 620 965 nova,
653 916 703 956 de
729 930 809 968 qua
834 931 878 956 se
902 931 987 957 non
1011 916 1166 965 omnia,
1199 931 1303 969 quae
1329 917 1407 957 dici
1432 918 1613 971 possint,
1639 933 1733 972 pro-

385 980 577 1020 fiteantur
602 993 693 1019 esse
720 979 913 1020 dicturos.
973 978 1120 1031 quodsi
1145 986 1202 1028 te,
1242 978 1383 1028 Cotta,
1421 979 1639 1019 arbitrarer
1664 987 1733 1019 aut

386 1050 445 1091 te,
480 1040 655 1095 Sulpici,
695 1041 744 1081 dc
777 1041 835 1081 eis
873 1041 996 1081 rebus
1030 1041 1170 1081 audire
1200 1040 1324 1089 velle,
1364 1041 1628 1082 adduxissem
1653 1041 1733 1081 hue

388 1102 596 1144 Graccum
633 1102 828 1156 aliquem,
868 1102 937 1156 qui
972 1118 1045 1143 vos
1082 1103 1200 1143 istius
1237 1102 1346 1143 modi
1385 1103 1729 1157 dislultationiluls

385 1164 626 1213 delectaret,
665 1164 775 1216 quod
804 1179 855 1204 ne
886 1178 996 1204 1111110
1027 1164 1192 1217 quidem
1223 1165 1388 1204 difficile
1415 1166 1526 1204 factu
1551 1173 1631 1204 est:
1669 1172 1732 1204 est

386 1227 494 1267 enim
527 1227 636 1281 apud
660 1226 723 1267 M.
748 1226 948 1267 Pisonem
985 1226 1293 1267 adulescentem
1329 1226 1423 1266 huic
1456 1226 1590 1266 studio
1617 1226 1730 1266 dedi-

385 1297 489 1337 tum,
529 1303 688 1329 summo
714 1288 923 1329 hominem
958 1288 1124 1343 ingenio
1161 1288 1371 1341 nostrique
1404 1288 1728 1343 cupidissimum,

384 1350 684 1405 Peripateticus
714 1348 885 1391 Staseas
912 1350 1034 1391 homo
1067 1350 1186 1390 nobis
1219 1365 1317 1390 sane
1349 1350 1560 1390 familiaris
1591 1358 1648 1397 01,
1685 1358 1730 1389 111
1770 1355 1776 1363 “

384 1412 488 1452 111101·
530 1412 715 1453 homines
752 1412 905 1466 peritos
949 1420 1137 1452 constare
1179 1411 1318 1458 video,
1356 1411 1398 1451 in
1434 1411 1503 1452 1110
1547 1426 1620 1452 suo
1657 1426 1729 1465 gc-

384 1489 481 1515 ncre
518 1474 700 1515 omnium
736 1473 955 1528 princeps?
1006 1478 1147 1527 ‘quem
1184 1480 1228 1513 tu
1252 1473 1369 1513 mihi’
1411 1473 1543 1526 inquit
1561 1473 1728 1513 Mucius

386 1535 616 1585 ‘Staseam,
643 1551 765 1589 quem
789 1535 1112 1590 Peripateticum
1136 1536 1304 1575 narras?
1338 1535 1542 1589 gerendus
1569 1542 1632 1575 est
1655 1534 1729 1575 tibi

382 1612 471 1638 mos
499 1597 844 1647 adulescentibus,
872 1596 1038 1646 Crasse,
1065 1597 1133 1650 qui
1158 1613 1241 1638 non
1263 1596 1413 1637 Graeci
1433 1596 1602 1638 alicuius
1629 1596 1728 1637 coti-

383 1659 548 1700 dianam
582 1660 874 1713 loquacitatem
911 1659 999 1700 sine
1023 1675 1102 1699 usu
1132 1674 1265 1711 neque
1297 1674 1347 1699 ex
1379 1658 1529 1699 scholis
1561 1658 1728 1699 cantile-

381 1736 477 1761 nam
501 1722 730 1774 requirunt,
769 1722 842 1762 sed
867 1736 917 1762 ex
942 1721 1106 1762 homine
1132 1720 1312 1762 omnium
1339 1720 1641 1774 sapientissimo
1668 1728 1728 1760 at-

382 1798 461 1836 que
487 1783 824 1836 eloquentissimo
851 1793 973 1836 atque
999 1798 1050 1824 ex
1075 1798 1142 1831 eo,
1181 1782 1249 1835 qui
1274 1797 1357 1822 non
1381 1782 1423 1821 in
1446 1781 1615 1830 libellis,
1654 1782 1727 1821 sed

379 1844 423 1885 111
446 1845 636 1886 maximis
669 1846 804 1886 causis
831 1853 871 1886 et
895 1846 937 1886 in
968 1845 1045 1886 hoc
1081 1844 1286 1885 domicilio
1316 1843 1475 1898 imperii
1502 1851 1542 1883 et
1572 1843 1727 1897 gloriae

382 1907 433 1947 sit
471 1907 642 1948 consilio
679 1908 904 1963 linguaque
934 1908 1146 1962 princeps,
1184 1906 1298 1947 cuius
1329 1906 1506 1961 vestigia
1534 1905 1727 1960 persequi

381 1969 567 2024 eupiunt,
595 1971 681 2011 eius
709 1970 955 2011 sententiam
981 1969 1258 2010 sciscitantur:
1285 1969 1474 2022 equidem
1501 1976 1540 2009 te
1566 1983 1658 2009 cum
1682 1969 1725 2009 in

379 2032 553 2073 dicendo
592 2048 754 2087 semper
789 2032 932 2087 putavi
969 2032 1110 2080 deum,
1148 2040 1234 2072 tum
1265 2046 1362 2072 vero
1394 2031 1467 2072 tibi
1501 2045 1725 2084 numquam

379 2095 638 2148 eloquentiae
679 2095 877 2135 maiorem
915 2094 1038 2134 tribui
1073 2094 1238 2134 laudem
1275 2109 1398 2147 quam
1440 2093 1724 2142 humanitatis3

378 2171 459 2209 qua
493 2170 602 2196 nune
626 2157 685 2196 uti
710 2157 775 2197 vel
811 2156 988 2196 maxime
1027 2156 1145 2196 decet
1170 2164 1208 2197 te
1239 2171 1373 2209 neque
1411 2156 1608 2210 defugere
1634 2170 1725 2195 eam

378 2218 717 2273 disputationem,
750 2219 802 2258 ad
828 2233 952 2271 quam
978 2226 1017 2259 te
1044 2218 1124 2259 due
1151 2218 1399 2259 excellentes
1424 2217 1599 2272 ingeniis
1626 2217 1725 2258 adu-

377 2280 578 2321 lescentes
605 2281 775 2336 cupiunt
799 2280 1019 2321 accederc.'
1081 2284 1177 2335 ‘ego
1209 2280 1324 2321 vero'
1350 2280 1482 2333 inquit
1519 2279 1625 2319 ‘istis
1651 2280 1723 2320 ob-

379 2342 494 2395 sequi
531 2343 675 2384 studeo
710 2357 844 2396 neque
881 2342 1085 2397 gravabor
1121 2342 1301 2383 breviter
1330 2357 1422 2383 mco
1458 2356 1590 2391 more,
1627 2341 1723 2394 quid

378 2418 538 2456 quaque
564 2404 614 2444 de
640 2419 682 2445 re
710 2404 901 2453 sentiam,
934 2404 1080 2445 dicere.
1143 2418 1189 2445 ae
1213 2405 1391 2459 primum
1414 2403 1515 2443 illud
1539 2427 1595 2432 —
1620 2417 1721 2455 quo-

377 2465 486 2505 niam
524 2466 807 2507 auctoritatem
843 2473 956 2507 tuam
991 2467 1231 2522 neglegere,
1271 2465 1490 2515 Scaevola,
1527 2466 1591 2506 fas
1621 2464 1719 2504 mihi

378 2541 461 2566 11011
497 2543 589 2568 esse
626 2536 725 2582 puto
756 2552 811 2558 —
841 2529 1091 2583 respondeo,
1128 2528 1229 2569 mihi
1265 2528 1427 2569 dicendi
1463 2534 1533 2568 aut
1566 2526 1719 2567 nullam

378 2595 505 2627 artem
530 2600 597 2629 aut
621 2598 861 2643 pertenuem
898 2590 1044 2639 videri,
1082 2590 1155 2631 sed
1180 2605 1343 2631 omnem
1374 2604 1465 2630 esse
1496 2587 1720 2630 eontentio-

378 2664 472 2689 nem
496 2650 600 2690 inter
628 2651 814 2694 homines
841 2653 984 2693 doctos
1009 2652 1051 2692 in
1076 2652 1191 2693 verbi
1221 2650 1500 2693 controversia
1522 2649 1717 2704 positam3

309 2728 355 2752 108
380 2726 475 2751 nam
501 2711 535 2751 si
561 2727 625 2752 ars
650 2713 708 2753 ita
732 2713 934 2764 definitur,
960 2721 1005 2754 ut
1029 2714 1151 2768 paulo
1177 2721 1270 2754 ante
1290 2712 1478 2768 exposuit
1495 2710 1717 2760 Antonius,
