1859 3069
1398 214 1423 254 Φ

610 225 812 262 BRUTUS
843 222 950 258 1-4.
1373 214 1392 254 1
1428 213 1449 254 ’ἵ

441 577 502 618 M.
535 577 751 619 TULLH
783 575 1111 617 CICERONIS

283 651 367 692 DE
399 648 621 691 CLARIS
655 648 1054 690 ORATORIBUS
1086 649 1272 690 LIBER

436 723 545 775 QUI
575 721 833 764 DICITUR
857 721 1117 764 BRUTUS.

205 860 313 900 (lum
355 875 375 899 e
421 858 567 899 Cilicia
611 857 818 898 decedens
850 856 1047 897 Rhodum
1086 857 1294 897 venissem
1331 864 1372 898 et
1407 872 1455 897 eo
1482 858 1499 890 1

103 922 202 960 mihi
227 921 277 960 de
303 919 356 971 Q.
384 919 598 959 Hortensii
624 927 754 959 morte
781 926 893 959 essct
917 919 1119 967 adlatum,
1151 920 1343 973 opinione
1369 934 1457 959 om-
1482 907 1496 929 ¹

101 983 214 1022 nium
240 982 437 1022 maiorem
458 981 593 1022 animo
620 981 710 1035 Cepi
731 981 934 1029 dolorem3
961 996 1057 1020 nam
1083 989 1124 1021 et
1149 981 1281 1022 amieo
1302 981 1455 1021 amisso

101 1058 195 1083 cum
220 1043 521 1084 consuetudine
540 1043 720 1083 iucunda
745 1051 832 1083 tum
851 1043 1077 1083 multorum
1101 1042 1333 1083 officiorum
1359 1057 1457 1083 eon-

101 1104 307 1145 iunctione
338 1120 404 1145 me
436 1105 643 1159 privatum
675 1105 868 1145 videbam
900 1112 940 1145 et
964 1104 1130 1145 interitu
1163 1104 1254 1144 talis
1287 1104 1456 1159 auguris

101 1166 345 1221 dignitatem
382 1166 512 1208 nostri
549 1167 727 1221 eol‘ilcgii
764 1166 1018 1207 deminutam
1056 1166 1266 1215 dolebam3
1306 1166 1457 1219 quain

101 1228 350 1283 cogitatione
387 1237 428 1269 et
471 1236 708 1283 cooptatum
749 1244 815 1269 me
860 1229 911 1269 ab
949 1244 997 1269 eo
1038 1228 1081 1268 in
1124 1228 1358 1283 conlegium
1394 1243 1458 1268 re-

102 1290 320 1339 cordabar,
358 1290 400 1330 in
432 1305 512 1344 quo
543 1291 701 1331 iuratus
732 1291 928 1330 iudicium
954 1291 1167 1345 dignitatis
1200 1306 1316 1331 meae
1348 1291 1459 1331 fece-

102 1360 182 1400 rat,
220 1360 260 1392 et
290 1352 580 1406 inauguratum
616 1353 667 1393 ab
703 1353 869 1401 eodem3
908 1368 959 1393 ex
991 1368 1071 1405 quo
1099 1368 1303 1407 augurum
1340 1352 1458 1392 insti-

105 1414 202 1454 tutis
240 1414 281 1454 in
318 1414 500 1468 parentis
539 1429 634 1455 eum
674 1414 766 1455 loco
811 1415 945 1455 colere
988 1415 1205 1455 debebam.
1277 1414 1457 1467 augebat
1481 1430 1496 1451 ε

103 1476 225 1515 ctiam
253 1476 504 1525 molestiam,
543 1476 654 1529 quod
684 1491 837 1529 magna
868 1476 1116 1530 sapientium
1146 1475 1297 1516 civium
1328 1476 1458 1517 bono—

104 1552 275 1590 rumque
302 1538 474 1592 penuria
505 1538 567 1578 vir
597 1537 790 1592 egregius
823 1538 1269 1591 coniunctissimusque
1294 1553 1457 1578 mecum

103 1600 368 1640 consiliorum
410 1600 593 1639 omnium
638 1600 833 1641 societate
877 1599 1129 1640 alienissimo
1165 1600 1225 1640 rei
1265 1600 1456 1654 publicae

103 1674 286 1716 tempore
313 1662 540 1703 exstinctus
562 1670 602 1703 et
622 1662 875 1703 auctoritatis
899 1670 937 1702 et
956 1662 1198 1716 prudentiae
1220 1677 1318 1703 suae
1340 1662 1455 1703 triste

102 1724 220 1764 nobis
248 1724 499 1764 desiderium
529 1724 768 1777 reliquerat3
808 1724 1100 1777 dolebamque,
1139 1725 1249 1777 quod
1272 1739 1374 1773 non,
1411 1732 1457 1764 ut,

101 1785 284 1841 plerique
304 1787 519 1841 putabant,
546 1787 828 1827 adversarium
856 1795 926 1826 aut
950 1787 1268 1827 obtrectatorem
1288 1786 1456 1827 laudum

102 1864 305 1897 mearum,
345 1849 419 1889 sed
450 1849 609 1889 socium
639 1848 777 1904 potius
809 1860 850 1889 et
881 1855 1115 1889 consortem
1146 1848 1317 1903 gloriosi
1341 1849 1457 1889 labo-

103 1911 157 1950 ris
184 1911 415 1952 amiseram.
464 1912 616 1952 etenim
642 1912 677 1952 si
697 1911 739 1952 in
756 1911 957 1952 leviorum
977 1911 1126 1952 artium
1146 1911 1280 1952 studio
1301 1927 1458 1953 memo·
1482 1928 1497 1950 3
1517 1955 1520 1958 y

104 1973 187 2012 riae
228 1973 437 2027 proditum
478 1982 541 2014 est
583 1978 728 2029 poetas
771 1974 922 2015 nobilis
964 1977 1181 2028 po‘e‘tarum
1224 1973 1457 2026 aequalium

105 2041 234 2074 morte
266 2034 465 2084 doluisse,
505 2050 585 2088 quo
618 2036 786 2076 tandem
817 2036 953 2076 animo
992 2035 1078 2076 eius
1110 2035 1320 2076 interitum
1351 2036 1457 2076 ferre

105 2096 245 2141 (lebni,
279 2110 372 2136 eum
397 2111 477 2149 quo
503 2104 659 2138 certare
686 2104 773 2138 erat
799 2097 1018 2152 gloriosius
1045 2112 1169 2150 quam
1194 2097 1361 2137 omnino
1387 2098 1459 2137 ad-

106 2157 331 2197 versarium
357 2173 440 2198 non
466 2158 642 2199 habere?
680 2174 772 2199 cnm
803 2159 1048 2214 praesertim
1084 2175 1167 2200 non
1191 2159 1314 2200 modo
1340 2174 1459 2199 num-

105 2234 229 2271 quam
267 2220 319 2259 sit
349 2227 419 2259 aut
454 2220 562 2261 illius
595 2236 619 2261 a
648 2236 713 2261 me
750 2236 895 2261 cursus
932 2221 1155 2275 impeditus
1194 2229 1265 2260 aut
1301 2221 1352 2261 ab
1388 2220 1458 2261 illo

106 2297 241 2330 meus,
276 2282 349 2322 sed
374 2289 516 2323 contra
542 2298 705 2337 semper
731 2284 833 2324 alter
858 2285 910 2324 ab
936 2284 1064 2324 altero
1091 2284 1254 2324 adiutus
1281 2291 1322 2324 et
1347 2298 1459 2324 com-

106 2343 352 2384 municando
389 2352 430 2384 et
466 2345 673 2385 monendo
705 2352 746 2385 et
775 2345 968 2386 favendo.
1030 2346 1105 2386 sed
1141 2345 1336 2398 quoniam
1365 2361 1458 2400 per·
1482 2361 1497 2384 4

105 2413 229 2460 petua
254 2407 432 2459 quadam
462 2407 656 2448 felicitate
688 2422 788 2447 usus
819 2407 886 2448 ille
913 2408 1038 2448 cessit
1062 2424 1084 2448 e
1109 2408 1194 2448 vita
1225 2424 1299 2449 suo
1324 2408 1457 2463 magis

105 2483 229 2520 quam
256 2483 424 2508 suorum
449 2469 599 2509 civium
625 2477 808 2524 tempore
833 2477 874 2510 et
899 2477 986 2510 tum
1011 2470 1171 2519 occidit,
1199 2485 1292 2510 eum
1316 2470 1458 2525 lugere

106 2529 266 2570 facilius
299 2545 387 2570 rem
417 2531 627 2585 publicam
664 2539 825 2586 posset,
864 2531 899 2571 si
930 2532 1105 2581 viveret,
1143 2547 1266 2585 quam
1302 2532 1457 2583 iuvare,

107 2592 288 2645 vixitque
316 2601 399 2633 tam
426 2593 516 2642 diu,
555 2609 678 2647 quain
708 2594 822 2634 licuit
846 2594 887 2634 in
918 2594 1082 2636 civitate
1118 2596 1224 2636 bene
1255 2596 1458 2649 beateque

107 2655 261 2703 vivere,
298 2662 441 2696 nostro
472 2656 734 2697 incommodo
766 2656 1112 2710 detrimentoque,
1152 2657 1187 2698 si
1217 2665 1281 2699 est
1304 2659 1362 2699 ita
1385 2674 1457 2699 ne-

105 2731 238 2766 ccsse,
266 2716 497 2767 doleamus,
530 2718 637 2759 illius
666 2733 762 2759 vero
789 2719 932 2759 mortis
959 2720 1308 2775 opportunitatem
1333 2721 1458 2761 benc-
