1859 3069
308 824 338 896 :142

336 824 357 896 mio

310 1399 358 1425 179

312 1827 361 1852 18ss

313 2386 360 2412 181

382 178 436 221 98
786 186 833 220 M.
861 184 1038 221 TULLII
1066 184 1327 219 eienuoxis

382 275 452 309 aut
493 267 741 322 defatigetur
785 264 1062 305 similitudinis
1106 264 1312 306 satietate:
1354 266 1529 322 proponi
1571 271 1729 319 oportet

382 329 481 383 quid
516 329 680 370 adferas
706 335 746 368 et
771 341 852 379 qua
875 340 919 366 re
944 326 1001 366 ita
1027 326 1079 366 sit
1109 327 1325 368 ostendere
1334 344 1344 376 3
1383 343 1435 368 ex
1465 327 1622 368 eisdem
1651 325 1730 366 illis

381 390 482 432 locis
507 389 713 430 interdum
739 387 997 436 concludere,
1023 387 1254 440 relinquere
1280 388 1380 430 alias
1409 389 1570 442 alioque
1598 395 1731 429 trans-

381 452 457 501 ire;
495 465 618 505 saepe
643 465 726 490 non
749 464 981 505 proponere
1008 463 1056 489 ac
1084 449 1243 491 ratione
1268 450 1360 504 ipsa
1384 450 1610 491 adferenda
1634 448 1731 502 quid

381 512 695 568 proponendum
725 512 868 560 fucrit,
901 511 1128 561 declarare;
1170 512 1204 553 si
1229 512 1294 552 cui
1319 513 1418 565 quid
1449 513 1579 554 simile
1605 512 1731 554 dieas.

380 575 494 629 prius
534 572 598 629 [ut
633 573 766 614 simile
803 573 935 629 dicas]
976 574 1214 623 confirmes,
1253 574 1401 615 deinde
1438 575 1548 628 quod
1585 574 1731 629 agitur,

381 636 584 690 adiungas
593 652 604 686 3
636 636 897 691 interpuncta
922 643 1261 690 argumentorum
1284 637 1527 691 plerumque
1554 635 1731 683 occulas,

380 713 433 739 ne
458 698 550 751 quis
577 712 627 738 ea
655 712 873 738 numerare
902 697 1056 753 possit,
1093 705 1139 738 ut
1163 712 1206 739 re
1232 698 1557 753 distinguantur,
1596 696 1732 739 verbis

384 760 560 800 confusa
585 774 678 800 esse
704 759 934 801 videantur.

459 822 580 861 Haec
605 828 646 862 et
669 836 895 877 properans
921 828 967 862 ut
992 822 1104 876 apud
1134 821 1277 863 doctos
1304 828 1345 863 et
1369 822 1619 865 semidoctus
1644 824 1733 880 ipse

379 897 588 939 percurro,
614 891 660 923 ut
684 883 905 936 aliquando
932 883 984 924 ad
1009 883 1080 923 illa
1103 883 1260 924 maiora
1284 884 1520 926 veniamus:
1544 886 1647 927 nihil
1672 897 1733 928 est

381 945 491 986 enim
515 945 557 985 in
582 945 776 995 dicendo,
811 944 979 994 Catule,
1010 945 1163 995 maius,
1202 960 1326 999 quam
1350 954 1395 986 ut
1421 947 1561 988 faveat
1584 949 1734 990 oratori

380 1007 434 1056 is,
466 1007 536 1060 qui
561 1007 718 1057 audiet,
754 1007 896 1061 utique
921 1007 1009 1062 ipse
1036 1007 1095 1047 sic
1118 1015 1352 1057 moveatur,
1384 1016 1429 1049 ut
1453 1009 1608 1064 impetu
1635 1025 1736 1063 quo-

382 1070 478 1110 dam
504 1069 629 1110 animi
654 1077 694 1110 et
717 1070 1028 1125 perturbatione
1053 1069 1187 1124 magis
1219 1084 1343 1123 quam
1367 1070 1517 1112 iudicio
1544 1079 1614 1112 aut
1639 1087 1735 1113 con-

383 1132 474 1173 silio
510 1139 696 1187 regatur:
731 1132 852 1188 plura
888 1131 997 1172 enim
1032 1132 1162 1172 multo
1198 1131 1386 1173 homines
1422 1132 1605 1173 iudicant
1641 1134 1734 1175 odio

382 1202 453 1235 aut
489 1209 627 1235 amore
666 1200 738 1235 aut
773 1194 997 1250 eupiditate
1034 1202 1105 1235 aut
1139 1194 1351 1235 iracundia
1387 1201 1458 1234 aut
1488 1195 1629 1236 dolore
1667 1204 1735 1236 aut

381 1255 538 1297 laetitia
562 1264 633 1297 aut
659 1271 732 1312 spe
759 1266 829 1297 aut
864 1256 1008 1297 timore
1034 1263 1104 1297 aut
1139 1271 1275 1297 errore
1308 1263 1378 1296 aut
1403 1256 1540 1309 aliqua
1574 1272 1736 1312 permo-

383 1317 493 1359 tione
535 1318 686 1359 mentis
730 1333 855 1372 quam
901 1318 1074 1359 veritate
1117 1326 1187 1358 aut
1228 1317 1483 1372 praescripto
1527 1327 1597 1359 aut
1636 1319 1735 1360 iuris

382 1394 528 1421 norma
563 1380 701 1434 aliqua
731 1388 801 1421 aut
834 1379 975 1420 iudicii
1012 1379 1191 1421 formula
1227 1386 1295 1419 aut
1331 1379 1506 1434 legibus.
1567 1394 1649 1434 qua
1677 1396 1734 1425 1-0,

381 1442 461 1482 nisi
486 1442 584 1495 quid
608 1443 726 1484 vobis
753 1443 865 1483 aliud
887 1442 1036 1497 placet,
1063 1442 1117 1482 ad
1140 1441 1211 1482 illa
1233 1442 1485 1496 pergamus.'
1530 1443 1734 1497 ‘paulum'

382 1502 514 1556 inquit
535 1502 711 1546 Catulus
738 1504 881 1545 ‘etiam
906 1518 1015 1544 nunc
1040 1504 1187 1545 deesse
1212 1504 1374 1544 videtur
1399 1503 1457 1544 eis
1482 1505 1620 1554 rebus,
1645 1504 1736 1544 An-

383 1565 487 1614 toni,
526 1580 628 1617 quas
668 1567 915 1621 exposuisti,
953 1566 1065 1620 quod
1101 1566 1154 1607 sit
1190 1565 1263 1606 tibi
1299 1574 1392 1607 ante
1432 1566 1735 1622 explicandum,

383 1640 507 1679 quam
531 1627 628 1667 illuc
662 1628 944 1682 proficiscare,
982 1642 1063 1681 quo
1090 1635 1129 1668 te
1155 1628 1257 1668 dieis
1294 1628 1534 1669 intendere.'
1599 1629 1737 1681 ‘quid-

382 1688 519 1728 namP’
556 1688 698 1741 inquit.
725 1690 814 1743 ‘qui
850 1690 950 1731 ordo
983 1690 1057 1730 tibi
1086 1689 1266 1744 placcat'
1304 1690 1437 1743 inquit
1469 1689 1643 1731 Catulus
1678 1696 1737 1731 ‘ct

386 1764 492 1803 quae
528 1750 743 1805 dispositio
780 1759 1135 1806 argumentorum,
1171 1751 1214 1791 in
1244 1765 1326 1804 qua
1357 1760 1400 1791 tu
1436 1752 1536 1792 mihi
1574 1767 1737 1807 semper

386 1811 487 1852 deus
513 1812 643 1852 videri
674 1813 810 1854 soles.'
872 1813 986 1854 ‘vide
1011 1827 1136 1866 quam
1162 1813 1256 1853 sim'
1284 1812 1417 1866 inquit
1443 1813 1563 1854 ‘deus
1589 1814 1632 1854 in
1656 1814 1736 1855 isto

382 1888 553 1928 genere,
582 1872 750 1916 Catule:
787 1889 870 1916 non
897 1875 1063 1915 hercule
1088 1875 1188 1915 mihi
1213 1874 1293 1915 nisi
1319 1875 1528 1917 admonito
1554 1875 1738 1917 venisset

381 1936 425 1976 in
448 1944 648 1987 mentem3
673 1944 718 1977 ut
741 1937 879 1992 possis
902 1937 1140 1978 existimare
1165 1952 1231 1978 me
1256 1937 1299 1978 in
1324 1952 1385 1986 ea,
1411 1937 1453 1978 in
1478 1937 1628 1990 quibus
1654 1953 1737 1979 non

382 2012 607 2051 numquam
633 1999 790 2052 aliquid
822 1999 988 2041 efficere
1024 1999 1186 2049 videor,
1222 2014 1303 2040 usu
1340 1999 1471 2041 solere
1496 2000 1539 2040 in
1563 1999 1737 2041 dicendo

383 2059 450 2101 vel
473 2073 574 2101 casu
597 2060 734 2116 potius
752 2060 974 2102 incurrere.
1024 2075 1072 2102 ac
1095 2075 1162 2101 res
1183 2060 1351 2114 quidem
1374 2060 1468 2110 ista,
1495 2075 1619 2115 quam
1644 2076 1735 2116 ege,

383 2122 504 2175 quasi
527 2137 611 2164 non
632 2122 786 2172 norim,
824 2123 883 2164 sic
908 2130 1119 2176 tamquam
1154 2122 1344 2178 ignotum
1379 2122 1590 2164 hominem
1618 2137 1738 2178 prae-

384 2183 570 2234 teribam,
597 2191 757 2225 tantum
776 2192 915 2239 potest
937 2185 981 2225 in
1000 2184 1189 2234 dicendo,
1214 2192 1261 2225 ut
1285 2185 1338 2226 ad
1357 2184 1606 2226 vincendum
1624 2184 1738 2225 nulla

383 2246 477 2301 plus
519 2246 670 2302 possit3
721 2248 796 2289 sed
836 2254 975 2289 tamen
1016 2247 1118 2288 mihi
1166 2247 1317 2289 videris
1365 2255 1460 2289 ante
1508 2254 1670 2303 tempus
1715 2262 1739 2287 a

383 2322 450 2349 me
474 2308 677 2350 rationem
701 2309 856 2351 ordinis
889 2317 929 2351 et
954 2309 1305 2365 disponendarum
1334 2324 1472 2350 rerum
1495 2309 1736 2363 requisissc3

385 2385 482 2411 nam
513 2371 548 2412 si
580 2386 658 2426 ego
696 2387 861 2413 omnem
892 2372 977 2413 vim
1013 2372 1187 2414 oratoris
1211 2372 1253 2412 in
1279 2372 1532 2427 argumentis
1564 2379 1605 2413 et
1627 2372 1669 2412 in
1693 2386 1737 2412 re

385 2432 477 2487 ipsa
505 2448 579 2489 per
610 2448 654 2475 se
685 2434 993 2490 comprobanda
1022 2434 1276 2490 posuissem,
1313 2443 1476 2490 tempus
1516 2441 1627 2475 esset
1655 2433 1737 2474 iam

386 2495 437 2535 de
467 2495 610 2536 ordine
648 2503 986 2550 argumentorum
1017 2504 1058 2537 et
1088 2496 1138 2537 de
1170 2496 1452 2537 conlocatione
1488 2495 1642 2550 aliquid
1677 2494 1737 2535 di-

386 2570 497 2606 cere3
536 2557 611 2598 sed
637 2571 730 2598 cum
763 2558 841 2598 tria
872 2558 954 2599 sint
978 2573 1002 2599 a
1025 2573 1091 2598 1110
1116 2557 1348 2613 proposita,
1387 2558 1438 2598 de
1463 2572 1544 2599 uno
1569 2556 1734 2604 dictum,

386 2631 479 2658 cum
504 2618 555 2659 de
581 2618 744 2659 duobus
769 2619 938 2673 reliquis
965 2619 1124 2668 dixero,
1162 2627 1251 2660 tum
1274 2619 1351 2660 erit
1375 2618 1551 2672 denique
1576 2617 1627 2658 de
1652 2616 1736 2658 dis-

385 2680 576 2734 ponenda
602 2687 687 2720 tota
713 2680 897 2722 oratione
923 2681 1217 2735 quaerendum.
