1859 3069
343 520 375 544 (33

340 952 371 975 64

334 1366 375 1399 17

342 2003 374 2027 66

341 2496 370 2520 ὓῖ

409 228 491 268 210
812 235 860 268 Μ.
888 233 1066 268 TULLII
1091 233 1354 268 CICERONIS

408 317 447 358 in
475 317 652 358 alienum
678 315 864 356 eiusdem
889 312 1067 354 nominis
1098 313 1415 355 infumlerentur
1439 329 1591 370 genus3
1630 323 1693 358 ut.
1727 314 1760 354 si

407 395 485 433 ego
521 393 587 418 me
624 394 648 418 a
681 377 757 417 M.⁷
791 376 929 416 Tullio
966 390 1059 416 esse
1096 375 1293 425 dicerem,
1331 376 1399 429 qui
1434 377 1630 432 patricius
1668 391 1760 417 eum

408 440 554 480 Servio
582 438 768 493 Sulpicio
805 437 950 477 consul
981 452 1089 477 anno
1121 437 1280 477 decimo
1311 446 1404 492 post
1442 446 1608 479 exactos
1639 453 1760 492 reges

407 501 495 541 fuit.
558 499 732 541 Catonis
770 507 909 540 autem
947 499 1153 540 orationes
1190 514 1274 539 non
1311 499 1447 539 minus
1484 500 1637 540 multae
1673 501 1759 540 sere

406 570 518 611 sunt,
555 576 679 615 quam
710 561 841 602 Attici
873 561 1050 615 Lysiae,
1088 561 1202 601 euius
1237 561 1410 601 arbitror
1440 561 1636 615 plurimas
1668 577 1759 602 esse

403 649 457 653 —-
485 631 548 664 est
573 624 683 664 enim
708 624 896 672 Atticus,
923 623 1118 677 quoniam
1145 632 1254 663 certe
1279 623 1459 663 Athenis
1487 631 1550 663 est
1574 632 1613 663 ct
1638 631 1758 663 natus

404 694 443 727 et
468 694 655 728 mortuus
689 695 730 728 ct
761 688 928 728 functus
960 686 1072 727 omni
1104 686 1255 726 civium
1285 700 1473 735 munere3
1511 700 1759 739 quamquam

404 748 602 790 Timaeus
635 765 730 790 eum
763 749 881 802 quasi
907 749 1073 789 Licinia
1099 756 1138 789 et'
1162 748 1306 788 Mucia
1336 748 1429 801 lege
1459 747 1605 802 repetit
1634 747 1760 801 Syra-

405 825 526 851 eusas
558 836 614 841 —
644 819 683 852 et
715 812 897 865 quodam
932 812 1056 852 modo
1095 820 1156 851 est
1188 826 1272 851 non
1308 811 1421 850 nulla
1457 809 1499 850 in
1537 809 1599 849 his
1637 809 1757 850 etiam

403 872 509 914 inter
534 873 647 927 ipsos
675 874 921 914 similitudo:
955 873 1064 914 acuti
1091 881 1204 921 sunt,
1237 873 1468 926 elegantes,
1501 871 1642 920 faceti,
1668 871 1760 912 bre—

403 949 495 984 ves3
523 936 597 975 sed
622 936 689 976 ille
711 936 898 977 Graecus
925 936 977 976 ab
1002 935 1113 976 omni
1138 935 1260 975 laude
1280 935 1450 975 felic-ior.
1501 934 1623 974 habet
1650 933 1758 974 enim

402 1004 536 1038 certos
564 998 627 1038 sui
661 998 891 1047 studiosos,
930 998 1000 1051 qui
1030 1014 1113 1039 non
1139 1007 1222 1038 tam
1252 997 1418 1038 habitus
1457 997 1639 1051 eorporis
1671 996 1759 1050 opi-

402 1075 491 1100 mos
518 1074 642 1113 quam
667 1060 919 1115 gracilitates
942 1068 1242 1107 consectentur,
1270 1074 1388 1112 quos,
1415 1058 1608 1099 valetudo
1634 1058 1757 1098 modo

402 1121 512 1162 bona
537 1122 602 1169 sit,
630 1122 809 1163 tenuitas
836 1122 928 1177 ipsa
952 1122 1146 1171 delectat3
1173 1137 1421 1175 quamquam
1448 1121 1487 1161 iu
1508 1120 1643 1174 Lysia
1663 1130 1757 1160 sunt

402 1198 526 1238 saepe
564 1184 688 1225 etiam
725 1185 889 1234 lacerti,
928 1185 986 1225 sic
1022 1192 1067 1225 ut
1102 1185 1190 1225 fieri
1225 1184 1327 1224 nihil
1363 1184 1497 1238 possit
1533 1183 1756 1231 valentius3

400 1259 544 1286 verum
570 1255 633 1287 est
659 1255 767 1288 certe
793 1262 944 1302 genere
970 1254 1056 1288 toto
1090 1246 1324 1300 strigosior:
1362 1246 1436 1285 sed
1461 1245 1584 1285 habet
1620 1252 1756 1285 tamen

401 1322 498 1348 suos
529 1308 785 1358 laudatores,
824 1309 893 1362 qui
924 1309 1002 1349 hac
1031 1309 1124 1364 ipsa*
1154 1309 1242 1349 cius
1276 1307 1501 1348 subtilitate
1534 1306 1756 1347 admodum

400 1370 628 1424 gaudeant,
667 1371 872 1412 Catonem
903 1387 1001 1411 vero
1034 1371 1124 1424 quis
1161 1378 1397 1411 nostrorum
1423 1376 1650 1416 oratorum,
1688 1368 1757 1421 qui

402 1432 569 1485 quidem
611 1448 721 1475 nunc
758 1442 872 1482 sunt,
917 1434 1042 1489 legit?
1086 1441 1156 1474 aut
1192 1433 1282 1487 quis
1324 1432 1440 1473 novit
1482 1431 1673 1472 omnino?
1717 1438 1755 1471 at

402 1507 525 1546 quem
561 1495 714 1545 virum,
752 1496 793 1536 di
828 1496 944 1537 boni!
988 1496 1106 1537 mitto
1143 1495 1276 1536 civem
1313 1502 1383 1535 aut
1420 1502 1653 1535 senatorem
1689 1501 1758 1533 aut

400 1555 708 1611 imperatorem3
747 1567 952 1599 oratorem
991 1558 1100 1599 enim
1136 1558 1214 1598 hoe
1250 1558 1341 1598 loeo
1373 1557 1628 1610 quaerimus3
1667 1555 1756 1609 quis

400 1617 470 1658 illo
506 1619 672 1672 gravior
714 1619 756 1659 in
793 1620 1025 1660 laudando?
1068 1619 1254 1660 acerbior
1291 1619 1333 1659 in
1375 1618 1674 1673 vituperando?
1715 1617 1757 1657 in

402 1680 617 1720 sententiis
645 1680 852 1735 argutior?
888 1681 930 1720 in
955 1681 1142 1721 docendo
1168 1681 1518 1732 edisserendoque
1545 1679 1758 1719 subtilior?

400 1741 576 1782 refertae
623 1749 718 1782 sunt
764 1742 970 1782 orationes
1016 1743 1191 1797 amplius
1235 1750 1401 1782 eentum
1444 1740 1755 1794 quinquaginta,

401 1817 504 1856 quas
543 1803 707 1856 quidem
745 1804 879 1844 adhuc
916 1804 1143 1844 invenerim
1179 1812 1217 1844 et
1249 1804 1440 1858 legerim,
1478 1812 1517 1843 et
1547 1802 1684 1842 verbis
1717 1810 1757 1842 et

400 1865 524 1904 rebus
550 1864 812 1905 inlustribus:
849 1865 945 1906 lieet
970 1880 1021 1906 ex
1046 1866 1110 1906 his
1136 1866 1292 1920 eligant
1318 1880 1384 1913 ea,
1418 1879 1522 1917 quae
1547 1864 1756 1905 notatione

401 1933 441 1966 et
473 1926 593 1966 laude
626 1926 752 1980 digna
785 1927 887 1967 sint:
922 1942 1065 1967 omnes
1098 1928 1300 1968 oratoriae
1332 1927 1505 1967 virtutes
1537 1926 1579 1966 in
1610 1926 1668 1966 eis
1694 1941 1758 1966 re-

400 1987 623 2042 perientur.
672 1988 756 2028 iam
780 2003 878 2029 vero
899 1988 1096 2043 Origines
1123 1989 1210 2029 eius
1237 2002 1359 2041 quem
1384 1988 1527 2027 florem
1553 1994 1623 2027 aut
1647 1987 1757 2040 quod

400 2050 541 2090 lumen
579 2050 838 2103 eloquentiae
874 2066 958 2090 non
1001 2050 1178 2091 habent?
1223 2058 1427 2090 amatores
1464 2049 1560 2089 huic
1596 2049 1756 2094 desunt,

402 2112 523 2153 sicuti
554 2112 694 2153 multis
726 2112 808 2153 iam
846 2120 940 2154 ante
979 2113 1155 2154 saeculis
1187 2121 1227 2154 et
1258 2113 1436 2160 Philisto
1464 2111 1687 2166 Syracusio
1719 2120 1758 2152 et

401 2173 481 2228 ipsi
508 2174 766 2229 Thucydidi3
799 2190 895 2215 nam
920 2182 965 2215 ut
991 2175 1137 2215 horum
1163 2175 1339 2215 concisis
1367 2173 1601 2222 sententiis,
1633 2173 1758 2213 inter-

402 2236 501 2276 dum
537 2237 662 2277 etiam
692 2252 776 2278 non
814 2237 913 2278 satis
952 2238 1103 2292 apertis
1140 2251 1235 2277 cum
1270 2237 1472 2277 brevitate
1510 2243 1596 2276 tum
1631 2235 1757 2275 nimio

402 2299 589 2339 acumine
609 2299 738 2340 officit
757 2299 1056 2355 Theopompus
1083 2299 1258 2340 clatione
1280 2306 1402 2352 atque
1429 2298 1642 2338 altitudine
1667 2312 1758 2337 ora-

402 2360 524 2401 tionis
564 2376 680 2410 suac,
721 2359 852 2415 [quod
881 2361 991 2401 idem
1016 2361 1174 2415 Lysiae
1198 2359 1548 2414 Demosthenes,]
1590 2360 1647 2399 sle
1675 2358 1757 2399 Ca-

402 2422 509 2463 tonis
535 2422 758 2464 luminibus
785 2423 991 2464 obstruxit
1016 2424 1118 2464 haec
1136 2423 1411 2478 posteriorum
1437 2422 1555 2475 quasi
1576 2436 1756 2476 exagge-

403 2492 491 2524 rata
527 2485 649 2525 altius
682 2485 825 2526 oratio.
886 2485 961 2526 sed
991 2500 1039 2526 ea
1069 2485 1110 2525 in
1142 2484 1492 2526 nostrisinscitia
1527 2491 1609 2532 est,
1647 2481 1756 2535 quod

403 2545 443 2584 hi
484 2546 581 2601 ipsi,
625 2546 695 2600 qui
735 2547 777 2587 in
821 2546 994 2588 Graecis
1044 2547 1285 2600 antiquitate
1328 2546 1584 2587 delectantur
1625 2557 1753 2595 eaque

404 2607 647 2657 subtilitate,
685 2623 810 2661 quam
834 2609 1020 2649 Atticam
1046 2609 1273 2664 appellant,
1313 2608 1419 2648 hanc
1449 2607 1491 2647 in
1518 2606 1676 2647 Catone
1702 2619 1753 2643 ne

403 2678 607 2710 noverunt.
643 2672 822 2723 quidem.
889 2672 1149 2726 ‘Hyperidae
1186 2672 1329 2712 volunt
1364 2685 1456 2711 esse
1493 2676 1533 2709 et
1568 2666 1750 2720 Lysiae?

343 2744 375 2769 cs
406 2729 568 2771 ‘laudoz
595 2733 669 2771 sed
694 2746 766 2772 cur
790 2732 936 2773 nolunt
961 2732 1188 2774 Catones?
1227 2733 1387 2772 ‘Attico
1413 2744 1563 2785 genere
1589 2728 1752 2769 dicendi
