1859 3069
271 254 365 287 Llss.
390 255 458 288 DE
485 253 597 287 OPT.
626 254 740 288 GEN.
769 252 1055 288 ORATORUM
1081 254 1214 287 6—13.
1337 246 1419 286 339

63 346 145 376 tem
188 334 470 389 potissimum3
515 341 579 375 est.
615 334 724 375 enim
766 334 905 375 multis
942 334 1044 375 locis
1086 334 1300 389 grandior,
1345 335 1417 374 sed

66 396 162 450 quia
193 403 233 437 et
262 397 446 451 privatas
477 397 544 437 ille
575 397 796 452 plerasque
827 404 868 438 et
899 412 969 439 cas
1000 397 1113 452 ipsas
1145 397 1234 437 aliis
1261 404 1302 437 et.
1325 411 1418 451 par-

67 473 208 499 varum
234 473 371 499 rerum
396 459 587 499 causulas
611 459 787 514 scripsit,
814 459 976 499 videtur
995 473 1087 499 esse
1112 458 1298 507 ieiunior,
1325 472 1417 498 cum

65 536 108 561 sc
139 520 229 575 ipse
267 521 456 562 consulto
488 521 541 561 ad
571 521 821 561 minutarum
859 535 1076 561 causarum
1113 535 1267 575 genera
1301 520 1419 560 lima-

64 582 180 622 verit.
230 582 341 635 quod
366 582 435 635 qui
460 582 517 623 ita
542 583 678 632 faciet,
704 590 762 632 ut,
790 583 824 624 si
851 583 989 638 cupiat
1012 583 1178 624 uberior
1204 597 1310 631 esse,
1336 597 1419 623 non
1445 612 1449 615 Α

62 644 212 699 possit,
250 644 451 685 habeatur
476 660 576 686 sane
602 653 757 694 orator,
796 645 870 686 sed
901 645 951 686 de
983 645 1230 695 minoribus3
1266 659 1419 699 magno

63 714 201 747 autem
227 707 378 747 oratori
404 707 527 748 etiam
552 707 622 748 illo
648 708 772 748 modo
799 722 923 763 saepe
949 707 1170 748 dicendum
1195 714 1259 748 est
1282 706 1324 746 in
1349 706 1420 746 tali

62 784 216 824 genere
254 784 486 811 causarum.
553 770 610 810 ita
640 770 685 810 fit
715 778 762 810 ut
790 770 1101 811 Demosthenes
1140 777 1249 811 certe
1285 769 1419 825 possit

63 830 283 872 summisse
315 831 470 880 dicere,
508 831 614 872 elate
645 832 801 886 Lysias
833 832 1011 873 fortasse
1042 847 1125 873 non
1156 831 1307 887 possit3
1347 831 1421 872 sed

63 892 98 932 si
129 893 276 933 eodem
313 893 438 933 modo
475 900 623 947 putant
661 893 845 934 exercitu
881 894 923 934 in
955 894 1045 934 foro
1077 902 1118 934 et
1147 894 1190 933 in
1228 893 1420 934 omnibus

63 954 246 1008 templis,
273 968 378 1006 quae
404 954 557 995 circum
583 954 720 995 forum
747 962 863 1003 sunt,
890 955 1105 996 conlocato
1132 955 1212 995 dici
1236 970 1311 1009 pro
1335 954 1420 995 Mi-

60 1015 154 1056 lone
180 1015 389 1064 decuisse,
415 1023 461 1055 ut
486 1015 519 1056 si
546 1016 596 1056 de
621 1031 665 1056 re
690 1016 852 1070 privata
877 1017 929 1056 ad
954 1031 1083 1057 unum
1107 1016 1287 1057 iudicem
1312 1016 1421 1056 dice-

62 1091 220 1125 remus,
264 1076 350 1116 vim
386 1077 646 1130 eloquentiae
685 1092 760 1117 sua
796 1078 1013 1127 facultate,
1054 1093 1138 1118 non
1174 1077 1234 1118 rei
1274 1084 1423 1118 natura

61 1138 296 1179 metiuntur.
358 1153 440 1192 qua
463 1153 507 1180 re
534 1139 728 1192 quoniam
753 1154 836 1180 non
861 1140 1067 1180 nullorum
1094 1154 1228 1180 sermo
1254 1139 1337 1179 iam
1361 1139 1422 1178 in-

63 1200 259 1249 crebruit,
292 1201 442 1255 partim
468 1215 512 1242 se
538 1201 652 1256 ipsos
678 1201 819 1242 Attice
846 1201 1001 1250 dicere,
1034 1201 1184 1255 partim
1215 1200 1421 1241 neminem

62 1269 249 1304 nostrum
281 1262 436 1312 dicere,
476 1263 627 1304 alteros
660 1263 933 1318 neglegamus
943 1279 953 1312 3
993 1263 1093 1303 satis
1126 1262 1245 1303 enim'
1267 1262 1325 1303 eis
1356 1277 1422 1302 res

60 1325 154 1379 ipsa
178 1325 422 1379 respondet,
461 1338 555 1365 cum
581 1332 652 1365 aut
675 1340 760 1366 non
793 1325 1068 1366 adhibeantur
1101 1325 1153 1365 ad
1178 1339 1327 1365 causas
1354 1332 1423 1364 aut

62 1386 236 1427 adhibiti
272 1387 556 1436 derideantur3
594 1402 691 1428 nam
718 1387 753 1427 si
779 1387 1032 1436 riderentur,
1071 1394 1183 1428 esset
1213 1387 1255 1426 id
1286 1386 1424 1441 ipsum

60 1449 316 1498 Atticorum3
361 1449 436 1490 sed
473 1449 542 1503 qui
579 1449 659 1490 dici
700 1465 724 1490 a
760 1450 879 1490 nobis
918 1450 1062 1490 Attico
1105 1464 1220 1490 more
1263 1448 1422 1495 nolunt,

61 1511 141 1566 ipsi
172 1520 310 1552 autem
341 1526 386 1552 se
423 1527 506 1552 non
544 1519 728 1553 oratores
768 1527 860 1552 esse
898 1512 1162 1566 profitentur,
1201 1511 1235 1552 si
1272 1518 1422 1551 teretes

62 1573 171 1614 auris
197 1573 352 1614 habent
376 1573 707 1628 intellegensque
732 1573 950 1623 iudicium,
978 1582 1189 1626 tamquam
1215 1572 1267 1613 ad
1291 1572 1423 1627 pictu-

62 1650 150 1676 ram
186 1635 447 1690 probandam
482 1636 759 1676 adhibeantur
797 1636 919 1676 etiam
957 1635 1077 1676 inscii
1114 1634 1294 1675 faciendi
1331 1649 1422 1674 cum

63 1697 201 1750 aliqua
232 1696 415 1738 sollertia
451 1697 678 1747 iudicandi3
719 1698 782 1738 sin
820 1705 957 1738 autem
994 1696 1320 1752 intellegentiam
1350 1711 1424 1751 po-
1461 1716 1475 1738 2

63 1768 167 1800 nunt
190 1759 233 1799 in
259 1759 453 1800 audiendi
486 1760 656 1801 fastidio
689 1776 823 1814 neque
862 1776 933 1802 eos
966 1761 1187 1814 quicquam
1213 1759 1423 1800 excelsum

63 1821 412 1876 magnificumque
438 1822 629 1872 delectat,
657 1822 796 1863 dicant
822 1837 866 1864 se
892 1822 1088 1876 quiddam
1109 1822 1259 1863 subtile
1285 1828 1327 1862 et
1349 1837 1424 1876 po—

62 1883 180 1924 litum
204 1883 330 1933 velle,
362 1884 521 1939 grande
547 1892 821 1938 ornatumque
848 1893 1112 1925 contemnere
1122 1901 1132 1933 ;
1164 1883 1205 1923 id
1231 1897 1329 1924 vero
1355 1883 1425 1923 de-

64 1945 202 1986 sinant
226 1945 381 1995 dicere,
421 1946 489 2000 qui
521 1946 728 1987 subtiliter
754 1947 911 1996 dicant,
951 1961 1022 1987 eos
1061 1946 1171 1986 solos
1198 1945 1338 1985 Attice
1365 1945 1425 1984 di-

64 2021 174 2057 cere,
207 2007 251 2048 id
281 2016 362 2057 est,
402 2008 519 2061 quasi
552 2009 660 2050 sicce
687 2016 728 2050 et
758 2009 937 2064 integre:
977 2018 1018 2049 et
1042 2008 1177 2063 ample
1212 2015 1253 2048 et
1283 2016 1425 2048 ornate

64 2076 104 2110 et
129 2069 295 2124 copiose
321 2084 414 2110 cum
441 2071 587 2112 eadem
623 2071 862 2126 integritate
894 2071 1134 2112 Atticorum
1165 2077 1242 2110 est.
1303 2069 1426 2122 quid?

65 2132 235 2172 dubium
277 2140 339 2173 est
378 2140 514 2173 utrum
553 2133 784 2175 orationem
819 2141 1004 2175 nostram
1045 2132 1300 2173 tolerabilem
1338 2139 1427 2171 tan-

65 2204 151 2234 tum
192 2209 245 2235 an
282 2194 408 2234 etiam
452 2195 738 2236 admirabilem
779 2211 872 2236 esse
917 2195 1157 2250 cupiamus?
1200 2209 1283 2234 non
1319 2193 1427 2234 enim

65 2255 147 2296 iam
173 2256 430 2308 quaerimus,
464 2257 562 2310 quid
594 2257 647 2297 sit
670 2257 833 2306 Attice,
873 2257 947 2298 sed
979 2257 1078 2310 quid
1110 2256 1163 2297 sit
1187 2255 1341 2310 optime
1368 2255 1429 2294 di-

67 2332 171 2358 cere.
246 2333 297 2358 cx
334 2333 415 2371 quo
452 2319 724 2374 intellegitur,
763 2320 960 2373 quoniam
998 2318 1255 2360 Graecorum
1291 2325 1427 2358 orato-

66 2395 158 2420 rum
182 2381 527 2434 praestantissimi
554 2381 635 2422 sint
671 2381 727 2431 ei,
765 2382 834 2435 qui
860 2382 1026 2422 fuerunt
1051 2380 1250 2429 Athenis,
1288 2394 1427 2420 eorum

68 2452 205 2483 autem
238 2443 429 2498 princeps
462 2443 583 2484 facile
615 2443 948 2492 Demosthenes,
987 2443 1098 2483 hunc
1130 2442 1163 2483 si
1196 2442 1265 2495 qui
1295 2441 1428 2482 imite-

70 2512 152 2554 tur,
198 2520 292 2545 eum
330 2512 371 2545 et
406 2506 547 2546 Attice
591 2505 795 2546 dicturum
834 2514 874 2547 et
911 2506 1084 2561 optimc,
1128 2512 1190 2553 ut,
1235 2504 1428 2557 quoniam

70 2567 199 2607 Attici
225 2567 344 2608 nobis
370 2568 572 2622 propositi
602 2575 697 2608 sunt
722 2569 774 2608 ad
798 2568 1063 2616 imitandum,
1096 2568 1201 2608 bene
1228 2566 1362 2607 dicere
1387 2566 1429 2605 id

70 2629 123 2670 sit
148 2629 287 2670 Attice
315 2629 463 2670 dicere.

151 2690 238 2732 Sed
262 2705 356 2731 cum
382 2691 424 2732 in
450 2707 498 2733 eo
524 2707 702 2746 magnus
730 2707 842 2732 error
867 2699 991 2741 essct,
1019 2691 1139 2744 quale
1165 2699 1277 2731 esset
1301 2689 1343 2729 id
1369 2689 1429 2729 di-

70 2753 188 2794 cendi
220 2768 373 2808 genus,
418 2754 560 2809 putavi
592 2753 691 2794 mihi
724 2754 1032 2809 suscipiendum
1071 2752 1255 2794 laborem
1285 2752 1428 2792 utilem

1134 2820 1199 2842 00*

1440 788 1470 810 10

1444 1158 1472 1179 11

1447 2335 1477 2358 13

1453 2700 1474 2732 5
