1859 3069
303 1275 335 1299 33

303 1769 335 1792 34

300 1823 314 1854 1
320 1822 341 1853 Ο

369 244 453 284 350
777 252 824 284 M.
851 250 1024 285 TULLu
1054 247 1318 283 CICERONJS

332 354 339 366 ›
369 334 490 374 etiam
530 332 787 382 suavitatem.
849 345 948 383 ergo
985 330 1038 370 ad
1074 329 1251 369 dilucide
1289 331 1539 371 narrandum
1575 332 1719 372 eadem

369 395 435 435 illa
464 394 673 448 superiora
699 391 947 447 explanandi
974 399 1012 431 et
1038 390 1281 431 inlustrandi
1306 400 1528 446 praecepta
1561 402 1720 448 repete-

368 472 478 503 mus,
517 456 557 495 in
584 455 732 507 quibus
761 454 812 493 sit
837 453 1019 493 brevitas
1051 460 1118 501 ea,
1158 467 1263 505 quac
1295 453 1537 507 saepissime
1562 454 1603 494 in
1628 470 1721 494 nar·

367 518 524 558 ratione
561 517 771 564 laudatur,
810 516 860 555 de
899 530 980 568 qua.
1006 530 1131 569 supra.
1169 514 1322 555 dictum
1359 522 1434 555 est.
1494 516 1719 569 probabilis

368 588 505 619 autem
531 579 624 623 erit,
653 578 686 617 si
712 577 919 632 personis,
953 577 986 618 si
1012 577 1286 632 temporibus,
1325 578 1359 618 si
1383 578 1484 619 loeis
1512 594 1578 627 ea,
1616 594 1720 632 quae

367 641 654 687 narrabuntur,
681 639 939 680 consentient
947 656 957 689 3
986 639 1018 679 si
1045 640 1243 692 cuiusque
1264 639 1361 679 faeti
1381 648 1422 680 et
1440 640 1576 681 eventi
1597 654 1721 681 causa

367 709 559 756 ponetur3
587 701 621 741 si
648 709 797 741 testata
822 701 902 741 diei
929 701 1191 751 videbuntur,
1219 701 1253 741 si
1278 715 1371 741 eum
1397 701 1610 743 hominum
1634 702 1721 756 opi-

367 763 508 811 nione,
545 762 807 811 auctoritate,
847 762 881 802 si
918 777 1010 803 cum
1046 763 1158 817 lege,
1198 777 1290 803 eum
1327 777 1460 812 more,
1499 778 1592 803 eum
1628 763 1721 804 reli-

367 825 490 879 gione
518 825 756 873 coniuncta3
796 825 830 865 si
866 825 1051 880 probitas
1088 825 1292 866 narrantis
1331 825 1647 880 significabitur,
1687 825 1721 866 si

366 887 605 940 antiquitas,
645 887 679 927 si
715 887 932 936 memoria,
972 887 1004 927 si
1041 887 1238 928 orationis
1271 888 1422 928 veritas
1459 898 1499 928 et
1537 888 1643 928 vitae
1674 888 1720 928 fi-

366 950 452 990 des.
531 950 670 990 suavis
709 958 845 990 autem
882 949 1060 991 narratio
1105 957 1185 999 est,
1236 965 1341 1003 quae
1385 950 1510 991 habet
1546 950 1721 991 admira-

370 1011 522 1060 tiones,
572 1011 925 1066 exspectationes,
976 1012 1110 1052 exitus
1150 1012 1404 1067 inopinatos,
1455 1012 1719 1067 interpositos

366 1081 502 1114 motus
529 1073 779 1123 animorum,
806 1073 1023 1127 conloquia
1047 1089 1330 1128 personarum,
1357 1074 1533 1122 dolores,
1559 1074 1720 1114 iracun-

367 1136 474 1185 dias,
513 1144 666 1185 metus,
703 1136 901 1186 laetitias,
939 1136 1200 1191 cupiditates.
1263 1137 1337 1177 sed
1372 1137 1453 1177 iani
1480 1137 1533 1177 ad
1562 1136 1721 1189 reliqua

366 1214 602 1253 pergamus.

447 1259 497 1301 C.
522 1261 572 1302 F.
597 1261 758 1315 Nempe
784 1275 833 1301 ea
859 1262 1103 1314 sequuntur,
1131 1275 1235 1313 quae
1262 1260 1315 1300 ad
1339 1260 1571 1301 faciendam
1596 1260 1720 1301 fidem

366 1322 585 1377 pertinent.
636 1321 685 1363 C.
711 1323 760 1363 P.
786 1322 844 1363 ita
869 1330 950 1363 est:
977 1337 1082 1375 quae
1109 1322 1275 1375 quidem
1300 1322 1341 1362 in
1368 1322 1720 1363 confirmationem

365 1392 406 1425 ct
440 1384 482 1424 in
517 1384 883 1438 reprehensionem
927 1384 1185 1433 dividuntur3
1228 1399 1324 1424 nam
1361 1384 1403 1423 in
1440 1384 1720 1425 confirmando

364 1454 506 1487 nostra
540 1446 716 1501 probare
754 1447 965 1495 volumus,
1009 1446 1051 1486 in
1087 1446 1428 1501 reprehendendo
1470 1446 1719 1500 redarguere

365 1507 581 1548 contraria.
643 1508 838 1561 quoniam
864 1508 989 1563 igitur
1020 1523 1160 1556 omne,
1194 1508 1305 1561 quod
1329 1508 1371 1548 in
1397 1508 1719 1549 controversiam

366 1569 489 1619 venit,
515 1570 557 1609 id
583 1577 653 1610 aut
679 1570 732 1610 sit
755 1584 886 1610 necne
908 1569 960 1610 sit
985 1578 1055 1610 aut
1081 1570 1178 1623 quid
1205 1569 1257 1610 sit
1282 1579 1352 1610 aut
1373 1570 1492 1623 quale
1519 1570 1570 1610 sit
1596 1584 1721 1622 quae-

364 1630 483 1678 ritur,
523 1630 564 1670 in
595 1631 729 1685 primo
767 1631 1003 1672 coniectura
1039 1632 1168 1681 valet,
1207 1632 1249 1672 in
1280 1632 1408 1673 altero
1440 1631 1642 1680 definitio,
1679 1630 1720 1670 in

367 1692 486 1732 tertio
511 1692 628 1733 ratio.

447 1753 496 1794 C.
522 1755 571 1794 F.
598 1754 741 1795 Teneo
766 1754 889 1795 istam
928 1755 1277 1795 distributionem:
1316 1769 1426 1795 nune
1462 1754 1719 1795 coniecturae

365 1815 478 1855 locos
505 1830 671 1868 quaero.
736 1815 785 1856 C.
816 1817 866 1857 P.
893 1816 935 1856 in
961 1817 1047 1857 veri
1085 1816 1286 1857 similibus
1314 1824 1355 1857 et
1378 1816 1420 1857 in
1455 1816 1631 1871 propriis
1656 1830 1719 1856 re—

364 1893 455 1918 rum
480 1878 587 1918 notis
614 1878 750 1932 posita
774 1886 859 1919 tota
892 1886 967 1919 est.
1029 1878 1103 1919 sed
1134 1878 1389 1933 appellemus
1428 1878 1601 1919 docendi
1627 1892 1721 1932 gra-

366 1939 422 1980 tia.
447 1939 534 1979 veri
572 1939 723 1989 simile,
762 1940 873 1992 quod
909 1940 1152 1994 plerumque
1190 1941 1247 1980 ita
1271 1940 1359 1987 fiat,
1397 1948 1443 1980 ut
1480 1939 1721 1980 adulescen-

365 2001 463 2041 tiam
505 2001 794 2056 procliviorem
837 2017 929 2042 esse
973 2003 1025 2042 ad
1069 2001 1301 2051 libidinem
1351 2002 1541 2056 propriae
1583 2009 1719 2041 autem

363 2070 485 2103 notae
512 2072 819 2117 argumentum,
858 2064 969 2116 quod
1005 2078 1231 2116 numquam
1269 2063 1386 2104 aliter
1413 2064 1458 2103 fit
1483 2071 1720 2116 certumque

364 2125 565 2173 declarat,
604 2133 648 2165 ut
683 2126 822 2165 fumus
861 2125 1014 2180 ignem.
1076 2125 1161 2166 veri
1199 2125 1348 2165 similia
1385 2124 1640 2180 reperientur
1670 2139 1720 2164 ex

364 2187 549 2240 partibus
576 2196 614 2227 et
641 2187 759 2240 quasi
793 2187 987 2227 membris
1026 2187 1288 2227 narrationis.
1349 2202 1398 2227 ea
1431 2194 1527 2227 sunt
1562 2187 1604 2226 in
1629 2200 1721 2241 per-

366 2248 497 2296 sonis,
535 2249 576 2288 in
602 2249 723 2296 locis,
761 2249 803 2288 in
829 2249 1104 2303 temporibus,
1143 2249 1183 2288 in
1217 2249 1357 2294 factis,
1394 2248 1435 2288 in
1461 2248 1640 2296 eventi&
1679 2247 1718 2287 in

305 2323 319 2345 ⁶.
368 2325 505 2350 rerum
536 2311 721 2365 ipsarum
759 2311 1103 2365 negotiorumque
1139 2311 1309 2351 naturis.
1370 2311 1412 2350 in
1436 2310 1623 2365 personis
1649 2325 1721 2349 na-

367 2381 480 2412 turae
501 2372 679 2426 primum
702 2380 954 2426 spectantur,
977 2373 1248 2419 valetudines,
1274 2373 1444 2426 figurae.
1461 2372 1582 2416 vires,
1610 2379 1720 2411 aeta-

368 2443 428 2472 tes
468 2432 680 2487 [marium‚
720 2433 1008 2489 feminarum];
1050 2433 1191 2488 [atque
1230 2433 1331 2473 haee
1369 2433 1535 2485 quidem
1560 2433 1602 2472 in
1632 2446 1720 2472 eor-

369 2495 505 2549 pore;]
552 2496 675 2535 animi
715 2504 851 2536 autem
892 2504 961 2536 aut
999 2511 1121 2548 quem
1158 2495 1210 2535 ad
1246 2495 1415 2535 modum
1453 2494 1603 2535 adfecti
1640 2494 1720 2534 sint

367 2555 585 2596 virtutibus
624 2557 753 2605 vitiis,
792 2557 948 2598 artibus
984 2557 1160 2606 inm-tiis,
1199 2564 1267 2597 aut
1305 2571 1425 2609 quem
1464 2557 1516 2596 ad
1552 2555 1718 2596 modum

369 2618 579 2666 commoti,
623 2619 848 2673 cupiditate
890 2627 1022 2665 metu,
1067 2620 1280 2674 voluptate
1323 2619 1524 2660 molestia.
1598 2626 1719 2670 atque

368 2678 469 2717 haee
495 2679 659 2730 quidem
686 2681 726 2720 in
751 2689 897 2721 natura
924 2688 1178 2735 spectantur3
1206 2681 1246 2721 in
1273 2681 1434 2721 fortuna
1462 2694 1601 2735 genus,
1621 2679 1721 2719 ami·-

371 2739 507 2785 citiam,
535 2740 669 2787 liberi,
698 2742 935 2795 propinqui,
964 2743 1141 2789 adfines,
1169 2758 1287 2797 opes,
1316 2743 1512 2790 honores,
1539 2747 1721 2796 potesta-
