1859 3069
478 184 545 218 DE
572 182 807 219 ORATORE
834 185 900 219 ΙΙΙ.
928 184 1130 218 lsi—186.
1404 175 1485 217 185

130 281 318 315 numero,
359 265 433 307 sed
458 265 618 306 aurium
648 282 861 315 mensura,
901 265 1011 319 quod
1036 272 1099 306 est
1130 263 1262 306 acrius
1288 264 1485 305 iudicium

130 338 170 370 et
194 328 364 378 certius,
401 343 476 383 par
500 328 586 369 fere
613 329 782 378 cretico,
821 328 890 382 qui
916 336 979 369 est
1010 343 1061 369 ex
1091 327 1217 382 longa
1241 334 1282 369 et
1306 327 1421 368 brevi
1446 335 1486 368 et

130 391 274 446 longa:
300 398 345 431 ut

187 452 286 506 quid
309 459 450 508 petam
474 452 675 508 praesidi,
703 459 773 493 aut
797 454 1026 506 exsequar?
1052 467 1186 506 quove
1211 466 1321 493 nunc

131 531 155 556 a
179 529 260 568 quo
285 530 457 556 numero
483 530 657 556 exorsus
683 522 748 555 est
769 514 977 556 Fannius:
1017 514 1089 565 ‘si,
1116 513 1320 566 Quirites,
1352 513 1486 554 minas

130 577 266 618 illius?
338 577 448 617 hunc
483 576 551 617 ille
594 576 790 617 clausulis
835 576 1036 631 aptiorem
1075 583 1212 632 putat,
1256 590 1358 629 quas
1401 576 1488 617 volt

130 640 255 694 longa
279 639 522 695 plerumque
550 638 710 693 syllaba
734 638 956 679 terminari.
993 653 1127 692 neque
1152 654 1250 680 vero
1276 639 1378 679 haec
1403 645 1487 678 tam
1510 634 1556 667 4⁸

132 715 268 742 acrem
306 716 447 742 euram
484 700 823 755 diligentiamque
860 699 1115 749 desiderant,
1160 715 1282 754 quam
1319 707 1383 741 est
1418 699 1488 740 illa

131 767 365 818 poctarum3
404 777 506 815 quos
532 761 760 802 necessitas
799 760 910 815 cogit.
945 769 986 802 et
1009 761 1090 816 ipsi
1119 761 1280 803 numeri
1305 776 1352 802 ac
1376 762 1488 803 modi

133 825 191 866 sic
216 826 343 866 verba
369 839 492 865 versu
527 823 757 872 includere,
794 830 841 863 ut
863 822 965 863 nihil
991 824 1044 864 sit
1067 839 1119 865 ne
1146 824 1291 878 spiritu
1322 824 1488 877 quidem

129 887 297 926 minimo
323 885 489 927 brevius
516 892 586 925 aut
619 884 806 939 longius,
845 899 969 937 quam
1005 899 1178 926 necesse
1203 893 1285 926 est:
1322 885 1488 926 liberior

130 956 192 989 est
217 948 346 989 oratio
372 955 413 988 et
436 947 577 1002 plane,
603 954 649 987 ut
673 946 839 996 dicitur,
866 946 925 987 sic
951 954 1015 987 est
1038 961 1135 987 vere
1161 946 1309 996 soluta,
1334 962 1418 988 non
1441 954 1488 987 ut

128 1008 261 1064 fugiat
286 1016 423 1050 tamen
450 1015 520 1049 aut
545 1015 665 1057 erret,
693 1008 767 1049 sed
790 1015 836 1048 ut
861 1008 949 1049 sine
975 1008 1151 1049 vinculis
1180 1008 1258 1048 sibi
1282 1008 1375 1063 ipsa
1398 1022 1487 1048 mo-

129 1072 304 1112 deretur.
364 1085 543 1124 namque
580 1085 658 1125 ego
694 1070 797 1110 illud
835 1070 1044 1111 adsentior
1069 1070 1380 1125 Theophrasto,
1419 1069 1488 1123 qui

128 1140 245 1188 putat
269 1134 515 1182 orationem,
549 1147 655 1186 quae
681 1132 848 1186 quidem
874 1133 927 1173 sit
950 1133 1079 1188 polita
1104 1140 1226 1186 atquc
1251 1132 1362 1173 facta
1387 1147 1488 1186 quo-

129 1195 225 1236 dam
248 1195 391 1245 modo,
429 1210 512 1236 non
539 1195 724 1244 astricte,
765 1195 839 1236 sed
862 1195 1078 1236 remissius
1104 1210 1367 1236 numerosam
1394 1209 1487 1235 esse

129 1266 337 1313 oportere3
375 1257 545 1307 etenim,
585 1257 692 1299 sicut
726 1257 794 1298 ille
832 1258 1084 1313 suspicatur,
1122 1272 1172 1299 ex
1209 1257 1299 1298 istis
1336 1257 1485 1306 modis,

127 1320 276 1373 quibus
302 1319 369 1360 hic
393 1319 569 1360 usitatus
596 1333 741 1360 versus
764 1319 953 1370 efficitur,
979 1328 1075 1375 post
1100 1327 1365 1374 anapaestus,
1392 1334 1488 1374 pro-

128 1381 258 1422 cerior
295 1381 463 1435 quidam
498 1396 715 1431 numerus,
753 1381 950 1431 effloruit,
988 1382 1084 1423 inde
1120 1381 1188 1423 ille
1223 1381 1411 1422 licentior
1447 1389 1488 1422 et

128 1442 292 1483 divitior
322 1443 441 1483 fluxit
478 1442 785 1497 dithyrambus,
823 1443 938 1484 cuius
975 1444 1162 1484 membra
1187 1450 1228 1484 et
1256 1443 1404 1498 pedes,
1440 1450 1487 1483 ut

128 1505 183 1545 ait
206 1505 335 1555 idem,
374 1512 470 1546 sunt
493 1505 536 1545 in
561 1505 673 1546 omni
697 1504 893 1560 locupleti
924 1505 1108 1547 oratione
1147 1505 1316 1554 diffusa3
1354 1512 1413 1554 et,
1452 1505 1487 1545 si

126 1582 394 1608 numerosum
431 1573 495 1608 est
524 1566 567 1607 in
603 1567 795 1608 omnibus
834 1567 945 1608 sonis
984 1574 1107 1620 atque
1145 1567 1337 1616 vocibus,
1374 1567 1485 1620 quod

127 1629 253 1669 habet
289 1629 492 1681 quasdam
528 1629 824 1684 impressiones
863 1637 904 1670 et
941 1630 1052 1683 quod
1087 1628 1222 1670 metiri
1261 1644 1484 1684 possumus

125 1690 352 1731 intervallis
380 1690 637 1744 aequalibus,
663 1698 774 1732 recte
800 1705 933 1745 genus
959 1691 1037 1732 hoc
1063 1706 1340 1740 numerorum,
1385 1691 1485 1732 dum

126 1752 248 1793 modo
273 1767 324 1794 ne
351 1753 591 1794 continuum
617 1753 688 1802 sit,
721 1752 762 1793 in
788 1752 985 1794 orationis
1011 1753 1133 1794 laude
1158 1760 1352 1808 ponetur3
1389 1768 1486 1793 nam

127 1814 161 1855 si
191 1815 304 1855 rudis
338 1823 379 1856 et
408 1815 597 1870 impolita
632 1815 818 1870 putanda
854 1822 917 1856 est
947 1815 1017 1856 illa
1054 1815 1141 1856 sine
1174 1815 1400 1855 intervallis
1425 1814 1486 1856 lo—

126 1876 312 1929 quacitas
338 1877 531 1931 perennis
558 1884 598 1918 et
622 1877 853 1931 profluens,
890 1877 989 1930 quid
1014 1885 1077 1917 est.
1103 1876 1214 1917 aliud
1238 1891 1388 1917 causae
1414 1890 1486 1917 cur

125 1939 384 1993 repudietur,
427 1940 507 1980 nisi
543 1940 654 1993 quod
690 1939 904 1980 hominum
949 1939 1115 1980 auribus
1157 1953 1303 1980 vocem
1338 1947 1487 1979 natura

126 2001 360 2041 modulatur
394 2001 510 2057 ipsa?
547 2002 658 2055 quod
682 2002 783 2051 fieri,
821 2002 901 2043 nisi
925 2001 1033 2043 inest
1068 2017 1264 2043 numerus
1295 2002 1339 2043 in
1368 2015 1483 2051 voce,

126 2078 209 2103 non
233 2070 382 2117 potest.
443 2079 638 2104 numerus
665 2071 803 2104 autem
827 2064 870 2104 in
896 2064 1202 2106 continuatione
1233 2064 1369 2104 nullus
1402 2071 1483 2113 est3

126 2124 333 2165 distinctio
359 2132 399 2165 et
436 2126 668 2179 aequalium
705 2134 745 2167 et.
770 2141 896 2181 saepe
932 2127 1142 2168 variorum
1172 2126 1484 2167 intervallorum

129 2185 379 2241 [percussio]
408 2203 625 2228 numerum
649 2188 831 2237 conficit,
858 2203 982 2242 quem
1005 2189 1048 2229 in
1073 2189 1315 2230 cadentibus
1341 2187 1483 2243 guttis,

126 2249 237 2301 quod
262 2248 488 2290 intervallis
515 2250 842 2304 distinguuntur,
869 2258 1012 2292 notare
1036 2266 1279 2306 possumus,
1304 2250 1347 2291 in
1373 2250 1483 2291 amni

125 2310 422 2365 praecipitante
452 2327 536 2353 non
566 2327 802 2366 possumus.
863 2313 1011 2365 quodsi
1048 2313 1299 2354 continuatio
1336 2313 1483 2354 verbo-

124 2388 215 2412 rum
241 2373 343 2413 haec
370 2373 505 2414 soluta
529 2373 659 2415 multo
686 2382 750 2414 est
780 2374 913 2429 aptior
939 2382 1061 2428 atque
1087 2375 1321 2424 iucundior,
1359 2375 1394 2415 si
1419 2382 1482 2416 est

124 2435 305 2475 articulis
344 2435 624 2489 membrisque
668 2435 881 2485 distincta,
926 2451 1051 2490 quam
1088 2437 1123 2477 si
1159 2437 1398 2478 continuata
1433 2451 1481 2477 ac

122 2497 343 2550 producta,
376 2498 562 2538 membra
585 2498 655 2538 illa
679 2498 916 2539 modificata
941 2513 1034 2540 csse
1060 2499 1288 2549 debebunt,
1316 2514 1420 2553 quae
1446 2499 1481 2540 si

122 2558 164 2598 in
190 2568 374 2600 extremo
400 2560 591 2601 breviora
615 2568 730 2610 sunt,
762 2560 998 2616 infringitur
1022 2562 1090 2603 ille
1116 2563 1234 2616 quasi
1260 2563 1479 2604 verborum

123 2621 322 2670 ambitus3
362 2622 420 2663 sic
446 2622 555 2663 enim
580 2623 654 2663 has
681 2623 877 2664 orationis
910 2625 1201 2666 conversiones
1230 2624 1380 2667 Graeci
1404 2640 1476 2666 no-

122 2682 298 2733 minant3
332 2698 413 2738 qua
438 2700 481 2726 re
508 2692 577 2726 aut
603 2685 717 2740 paria
742 2700 834 2727 esse
862 2685 1012 2728 debent
1037 2688 1267 2743 posteriora
1293 2688 1474 2743 superio·

1513 683 1561 707 184

1513 1274 1561 1299 185

1510 2080 1557 2105 186
