1859 3069
290 692 337 715 14ss

291 1065 337 1088 1-ss

288 1786 331 1820 37

284 1835 332 1859 1-1S

284 2302 331 2327 149

370 215 449 256 176
768 224 818 257 Μ.
844 221 1023 257 TULLII
1048 220 1313 259 CICERONIS

366 318 489 359 saepe
513 303 707 360 posuisti,
734 309 778 342 ut
802 317 886 342 non
910 316 1083 343 necesse
1109 303 1162 343 sit
1186 317 1428 347 consumere
1455 313 1630 347 aetatem
1657 314 1716 346 at-

365 380 444 419 que
480 373 526 405 ut
560 364 693 419 possit
729 363 763 403 is
800 363 872 404 illa
908 363 1047 404 omnia
1091 378 1277 414 cernere,
1320 366 1390 419 qui
1431 368 1714 409 tantummodo

363 427 569 482 aspexerit
579 443 589 475 3
629 426 703 466 sed
727 425 890 466 etiamsi
915 433 979 466 est
1016 425 1237 479 aliquando
1277 428 1451 482 spissius
1483 438 1554 470 aut
1579 430 1613 471 si
1638 445 1715 485 ego

363 505 452 531 sum
491 488 661 537 tardior,
697 488 885 543 profecto
921 503 1147 542 numquam
1173 489 1464 542 conquiescam
1487 506 1621 545 neque
1647 493 1717 532 dc-

362 551 568 605 fatigabor
605 557 718 599 ante,
756 564 881 604 quam
918 550 1083 591 illorum
1109 551 1298 606 ancipitis
1335 551 1424 592 vias
1454 553 1716 606 rationesque

362 620 401 654 et
431 627 506 667 pro
543 612 736 652 omnibus
769 619 811 653 et
846 619 990 653 contra
1024 612 1164 653 omnia
1199 613 1438 668 disputandi
1466 614 1715 669 percepero.y

362 682 448 714 tum
476 672 633 715 Caesar
671 674 833 714 ‘unum'
860 674 993 728 inquit
1018 679 1101 716 ‘me
1126 690 1178 716 ex
1204 682 1273 717 tuo
1311 691 1499 717 sermone
1524 676 1715 723 maxime,

363 735 539 784 Crasse,
567 736 808 786 commovit,
841 737 953 790 quod
979 751 1073 777 eum
1097 737 1279 792 negasti,
1312 737 1382 791 qui
1407 753 1490 778 non
1515 737 1594 779 cito
1621 738 1717 791 quid

360 797 591 847 didicisset,
628 813 855 852 numquam
892 799 1059 840 omnino
1096 814 1221 854 posse
1246 799 1499 855 perdiscere3
1537 807 1582 840 ut
1616 800 1717 840 mihi

364 875 448 900 non
479 859 532 900 sit
569 860 736 901 difficile
772 860 994 916 periclitari
1031 868 1071 902 et
1108 869 1178 902 aut
1214 862 1353 902 statim
1382 862 1594 917 percipere
1624 861 1716 911 ista,

359 937 464 975 quae
491 929 535 963 tu
560 922 696 963 verbis
723 923 777 963 ad
801 923 961 964 caelum
986 923 1188 973 extulisti,
1216 932 1302 973 aut,
1331 924 1365 964 si
1390 940 1473 965 non
1497 923 1715 980 potuerim,

358 992 521 1038 tempus
547 999 631 1025 non
655 984 848 1039 perdere,
887 1000 981 1026 cum
1007 993 1145 1026 tamen
1171 986 1235 1026 his
1262 986 1413 1027 nostris
1439 986 1597 1040 possim
1622 1000 1715 1026 esse

359 1047 603 1088 contentus.'
653 1047 720 1088 hic
746 1046 956 1103 Sulpicius
984 1052 1080 1103 ‘ego
1107 1048 1232 1097 vero,’
1265 1048 1397 1101 inquit
1424 1047 1617 1096 ‘Crasse,
1643 1063 1716 1089 ne-

359 1124 438 1162 que
474 1109 748 1151 Aristotelem
783 1110 909 1151 istum
946 1125 1081 1164 neque
1120 1109 1381 1152 Carneadem
1419 1125 1495 1152 nec
1531 1111 1715 1166 philoso-

357 1171 535 1226 phorum
583 1186 833 1226 quemquam
881 1173 1090 1222 desidero,
1139 1173 1206 1213 vel
1246 1188 1313 1213 me
1359 1173 1455 1213 licet
1503 1173 1713 1214 existimes

358 1234 578 1288 desperare
604 1234 684 1275 ista
708 1250 833 1290 posse
865 1235 1101 1290 perdiscere
1126 1235 1211 1284 vel,
1249 1234 1292 1275 id
1316 1235 1427 1288 quod
1453 1234 1578 1284 facio,
1617 1249 1714 1275 con-

357 1302 560 1336 temnere:
597 1296 699 1336 mihi
729 1311 868 1337 rerum
898 1297 1128 1337 forensium
1153 1304 1194 1337 et
1225 1296 1505 1337 communium
1531 1296 1713 1351 volgaris

356 1356 459 1398 haec
502 1358 682 1413 cognitio
720 1359 820 1399 satis
857 1374 1012 1413 magna
1047 1366 1112 1399 est
1148 1359 1200 1399 ad
1237 1373 1347 1407 eam,
1391 1373 1515 1412 quam
1558 1366 1713 1413 specto,

357 1419 633 1472 eloquentiam
644 1437 654 1470 ;
692 1436 744 1462 ex
770 1436 852 1474 qua
881 1421 974 1475 ipsa
1004 1428 1144 1462 tamen
1175 1421 1381 1476 permulta
1411 1420 1571 1470 nescio3
1609 1435 1714 1474 quae

357 1488 444 1521 tum
470 1482 664 1535 denique,
703 1496 797 1523 cum
822 1497 949 1523 causa
974 1483 1129 1536 aliqua,
1168 1497 1273 1536 quae
1300 1498 1323 1523 a
1347 1498 1414 1524 me
1438 1482 1613 1523 dicenda
1637 1489 1713 1532 est,

358 1542 583 1593 desiderat,
621 1558 787 1597 quaero.
848 1559 973 1598 quam
997 1545 1050 1585 ob
1081 1559 1186 1594 rem,
1224 1544 1304 1585 nisi
1335 1545 1440 1586 forte
1466 1559 1510 1585 es
1535 1543 1618 1585 iam
1643 1545 1715 1585 de-

357 1605 494 1644 fessus
522 1613 562 1645 et
589 1606 622 1645 si
647 1606 721 1646 tibi
745 1622 829 1647 non
853 1622 1003 1661 graves
1031 1622 1194 1656 sumus,
1220 1607 1330 1647 refer
1356 1607 1408 1648 ad
1432 1607 1503 1647 illa
1528 1614 1580 1656 te,
1607 1621 1712 1660 quae

358 1667 410 1706 ad
428 1666 558 1721 ipsius
581 1667 777 1708 orationis
799 1668 966 1709 laudem
991 1668 1337 1724 splendoremque
1357 1669 1562 1723 pertinent
1571 1685 1581 1717 3
1608 1682 1713 1722 quae

357 1743 435 1783 ego
462 1744 513 1769 ex
538 1736 577 1769 te
603 1729 743 1770 audire
769 1730 900 1780 volui,
937 1746 1020 1771 non
1049 1737 1096 1770 ut
1132 1730 1396 1785 desperarem
1420 1745 1486 1770 1110
1518 1729 1713 1783 eloquen-

358 1790 457 1830 tiam
492 1791 690 1844 consequi
726 1806 869 1846 posse,
910 1792 983 1833 sed
1013 1799 1059 1832 ut
1095 1791 1249 1845 aliquid
1281 1792 1564 1833 addiscerem.'
1625 1800 1713 1832 tum

359 1851 541 1893 Crassus
586 1854 870 1908 ‘pervolgatas
908 1869 974 1895 res
1012 1854 1205 1907 requiris⁷
1248 1854 1381 1907 inquit
1422 1858 1482 1894 ‘et
1519 1853 1593 1894 tibi
1629 1870 1711 1894 non

355 1914 606 1968 incognitas,
645 1914 823 1970 Sulpici:
860 1916 950 1970 quis
988 1916 1097 1957 enim
1134 1915 1184 1957 de
1221 1916 1300 1957 isto
1337 1931 1489 1971 genere
1520 1931 1604 1957 non
1640 1917 1713 1957 do-

357 1976 458 2026 cuit,
500 1992 584 2018 non
624 1976 820 2028 instituit,
869 1993 953 2019 non
997 1979 1196 2033 scriptum
1239 1979 1362 2019 etiam
1403 1978 1591 2031 reliquit?
1639 1978 1713 2019 sed

357 2053 500 2093 geram
541 2054 698 2080 morem
740 2047 780 2081 et
816 2055 863 2081 ca
903 2040 1135 2089 dumtaxat,
1179 2054 1284 2093 quae
1326 2040 1427 2080 mihi
1468 2047 1567 2082 nota
1604 2048 1711 2090 sunt,

357 2100 536 2142 breviter
563 2116 769 2157 exponam
795 2102 886 2152 tibi3
914 2102 1093 2143 censebo
1119 2109 1257 2143 tamen
1285 2102 1338 2143 ad
1361 2116 1452 2151 eos,
1479 2102 1548 2155 qui
1574 2110 1714 2143 aueto-

355 2178 421 2204 res
458 2170 499 2204 et
534 2163 770 2206 inventores
808 2172 904 2206 sunt
945 2164 1091 2206 harum
1129 2179 1228 2206 sane
1270 2164 1521 2205 minutarum
1561 2179 1710 2214 rerum,

355 2226 660 2267 revertendum.

437 2287 588 2329 Omnis
614 2287 739 2343 igitur
764 2289 894 2330 oratio
921 2288 1134 2330 conficitur
1159 2304 1211 2330 ex
1236 2289 1393 2339 verbis3
1432 2303 1606 2342 quorum
1628 2288 1712 2344 pri-

356 2363 469 2389 mum
505 2349 625 2390 nobis
662 2350 767 2391 ratio
805 2350 1046 2405 simpliciter
1088 2351 1269 2392 videnda
1304 2358 1386 2400 est,
1430 2350 1578 2391 deinde
1615 2364 1712 2391 con-

355 2411 506 2452 iuncte.
565 2427 662 2452 nam
688 2419 751 2453 est
782 2412 951 2466 quidam
989 2420 1159 2454 ornatus
1198 2412 1414 2462 orationis,
1451 2412 1521 2466 qui
1553 2427 1603 2452 ex
1629 2412 1711 2452 sin-

356 2473 464 2527 gulis
501 2473 638 2514 verbis
677 2481 758 2523 est3
797 2474 920 2524 alius,
960 2475 1029 2528 qui
1065 2490 1117 2516 ex
1153 2475 1402 2516 continuatis
1441 2472 1707 2529 [coniunctis]

357 2543 530 2577 constat.
591 2551 691 2591 ergo
716 2543 882 2577 utemur
908 2538 1046 2578 verbis
1072 2545 1141 2578 aut
1174 2537 1252 2587 eis,
1290 2552 1395 2591 quae
1424 2536 1591 2592 propria
1615 2543 1710 2577 sunt

358 2604 397 2637 et
423 2604 534 2638 certa
558 2599 676 2651 quasi
701 2599 906 2641 vocabula
940 2615 1095 2650 rerum,
1133 2615 1265 2655 paene
1289 2615 1373 2640 una
1402 2607 1500 2640 nata
1528 2612 1621 2638 eum
1645 2611 1709 2637 re-

358 2658 435 2698 bus
472 2659 593 2713 ipsis3
638 2667 709 2700 ant
745 2660 824 2711 eis,
863 2676 968 2715 quae
1004 2658 1308 2703 transferuntur
1344 2668 1385 2702 et
1420 2659 1537 2713 quasi
1574 2658 1707 2699 alieno

359 2718 400 2759 in
430 2720 520 2762 loco
553 2722 836 2773 conlocantur3
875 2731 946 2764 aut
976 2724 1055 2774 eis,
1093 2739 1197 2777 quae
1228 2737 1429 2764 novamus
1460 2729 1502 2762 et
1532 2720 1706 2762 facimus
