1859 3069
395 222 447 262 18
798 229 848 264 M.
872 228 1045 263 TULLII
1070 227 1332 264 CICERONIS

393 310 513 350 nibus
538 309 579 350 in
611 309 876 365 disputando;
916 308 989 348 sed
1015 322 1107 348 cum
1136 309 1313 350 maxime
1339 317 1476 351 tamen
1501 310 1579 351 hoc
1606 309 1733 365 signi-

392 372 561 419 ficabat,
599 386 688 420 eos,
731 371 799 423 qui
833 370 1018 410 rhetores
1055 370 1362 412 nominarentur
1392 380 1431 412 et
1467 373 1535 425 qui
1572 372 1734 412 dicendi

392 441 611 488 praccepta
630 433 848 479 traderent,
873 431 974 471 nihil
993 431 1115 486 plane
1135 439 1273 473 tenere
1292 448 1424 487 neque
1448 450 1571 488 posse
1592 449 1734 487 quem-

394 509 516 547 quam
541 494 778 533 facultatem
804 493 976 546 adsequi
1001 493 1175 543 dicendi,
1201 494 1280 534 nisi
1305 496 1373 548 qui
1394 496 1734 551 philosophorum

393 557 559 597 iuventa
595 556 817 596 didicisset.
889 556 1154 611 disputabant
1189 565 1331 598 contra
1372 558 1512 599 diserti
1547 559 1733 599 homines

397 617 712 673 [Athenienses]
741 626 781 659 et
805 618 847 658 in
870 633 913 659 re
938 619 1105 673 publica
1130 620 1347 673 causisque
1373 621 1544 670 versati,
1577 622 1619 661 in
1643 625 1734 675 quis

394 687 480 719 erat
504 679 626 719 etiam
650 679 698 727 is,
724 679 794 732 qui
818 695 947 735 nuper
971 681 1129 721 Romae
1155 681 1244 730 fuit,
1270 682 1557 732 Menedemus,
1583 683 1734 737 hospes

392 755 528 789 meus3
566 741 635 793 qui
660 755 754 781 cum
784 741 937 782 diceret
961 757 1053 783 esse
1085 744 1293 796 quandam
1315 744 1594 798 prudentiam,
1631 759 1735 797 quae

393 810 626 843 versaretur
650 802 692 843 in
716 803 1011 858 perspiciendis
1037 804 1263 846 rationibus
1296 806 1672 847 constituendarum
1697 814 1736 846 et

392 863 667 918 regendarum
696 880 834 905 rerum
865 865 1139 920 publicarum,
1172 867 1427 907 excitabatur
1452 867 1574 908 homo
1599 883 1736 922 prom-

392 934 488 980 ptus
514 934 633 980 atque
670 927 894 968 abundanti
930 927 1114 968 doctrina
1139 936 1179 969 et
1203 929 1380 981 quadam
1413 928 1641 969 incredibili
1665 944 1737 969 va-

392 987 536 1028 rietate
560 1003 697 1028 rerum
723 996 843 1042 atque
868 989 1003 1044 copia:
1030 990 1162 1030 omnis
1188 990 1296 1030 enim
1321 991 1448 1045 partis
1473 991 1580 1031 illius
1606 991 1735 1046 ipsius

338 1055 342 1059 ⁴
392 1050 634 1104 prudentiae
669 1051 869 1105 petendas
907 1066 998 1092 esse
1038 1067 1061 1091 a
1095 1052 1357 1107 philosophia
1395 1053 1569 1093 docebat
1603 1067 1736 1106 neque

333 1377 366 1401 86

333 1808 365 1833 S?

336 2675 370 2701 88

394 1126 459 1160 ea,
496 1126 600 1164 quae
633 1120 907 1154 statuerentur
931 1114 972 1154 in
997 1129 1040 1154 re
1065 1114 1230 1168 publica
1255 1115 1304 1155 de
1332 1115 1392 1154 dis
1424 1115 1735 1163 inunortalibus,

395 1173 445 1213 de
471 1174 686 1228 disciplina
709 1175 946 1224 iuventutis,
972 1176 1023 1216 de
1047 1176 1214 1225 iustitia,
1242 1177 1291 1217 de
1316 1176 1531 1231 patientia,
1558 1177 1608 1217 de
1634 1185 1738 1217 tem-

393 1236 596 1289 perantia,
635 1237 686 1277 de
709 1238 831 1278 modo
856 1253 992 1278 rerum
1024 1238 1224 1287 omnium,
1261 1247 1496 1292 ceteraque,
1535 1239 1621 1279 sine
1648 1239 1736 1292 qui-

394 1297 471 1337 bus
503 1297 688 1339 civitates
726 1307 796 1339 aut
826 1314 918 1340 esse
949 1307 1019 1340 aut
1048 1300 1153 1340 bene
1189 1310 1371 1341 moratae
1408 1315 1499 1341 esse
1529 1316 1612 1340 non
1640 1315 1737 1355 pos-

396 1367 503 1408 sent,
540 1375 716 1413 usquam
744 1361 787 1401 in
818 1377 959 1402 eorum
988 1362 1163 1402 inveniri
1191 1362 1338 1402 libellis
1349 1379 1359 1411 3
1402 1363 1550 1415 quodsi
1581 1370 1736 1402 tantam

395 1422 478 1462 vim
512 1437 648 1464 rerum
684 1424 958 1464 maximarum
994 1432 1079 1465 arte
1117 1439 1192 1464 sua
1225 1424 1418 1465 rhetorici
1453 1424 1511 1464 illi
1548 1425 1735 1465 doctores

395 1485 778 1539 complecterentur,
810 1487 1051 1540 quaerebat,
1085 1500 1156 1526 cur
1187 1486 1236 1526 de
1266 1486 1486 1541 prooemiis
1512 1494 1552 1527 et
1577 1487 1627 1528 de
1652 1486 1737 1541 epi-

394 1545 499 1600 logis
526 1555 567 1587 et
591 1548 640 1588 de
672 1548 792 1589 huius
823 1548 936 1589 modi
965 1549 1087 1604 nugis
1111 1573 1168 1578 —-
1193 1548 1252 1589 sic
1285 1548 1394 1589 enim
1424 1549 1658 1603 appellabat
1680 1572 1737 1578 —-

393 1608 534 1648 referti
559 1619 697 1651 essent.
721 1626 863 1651 eorum
885 1611 998 1660 libri,
1038 1612 1088 1651 de
1115 1611 1346 1651 civitatibus
1371 1611 1653 1661 instituendis,
1686 1611 1736 1651 de

397 1670 622 1711 scribendis
647 1672 827 1727 legibus,
861 1674 912 1714 de
938 1673 1161 1726 aequitate,
1200 1673 1250 1713 de
1274 1673 1447 1722 iustitia,
1480 1674 1530 1713 (le
1554 1673 1653 1722 fide,
1685 1674 1736 1713 de

395 1731 635 1786 frangendis
663 1734 975 1789 cupiditatibus,
1008 1736 1057 1776 de
1084 1735 1387 1775 conformandis
1413 1735 1624 1775 hominum
1648 1750 1737 1775 mo-

394 1792 508 1833 ribus
533 1794 668 1835 littera
691 1796 803 1837 nulla
826 1797 869 1837 in
896 1812 1037 1838 eorum
1060 1797 1175 1838 libris
1200 1796 1463 1837 inveniretur.
1522 1796 1614 1851 ipsa
1637 1811 1735 1837 vcro

394 1864 614 1910 praecepta
639 1857 698 1897 sic
726 1858 911 1899 inludere
949 1859 1123 1907 solebat,
1160 1864 1207 1898 ut
1235 1858 1471 1899 ostenderet
1499 1873 1582 1899 non
1611 1859 1734 1898 modo

395 1930 465 1957 eos
492 1918 670 1972 expertis
696 1934 788 1961 esse
813 1920 920 1961 illius
946 1919 1199 1975 prudentiae,
1226 1934 1349 1973 quam
1376 1920 1454 1960 sibi
1474 1920 1734 1969 asciscerent,

396 1979 469 2018 sed
504 1995 555 2020 ne
591 1980 698 2022 hanc
732 1982 899 2035 quidem
933 1982 1067 2037 ipsam
1104 1981 1267 2022 dicendi
1307 1982 1508 2022 rationem
1544 1995 1591 2022 ac
1627 1981 1736 2023 viam

394 2054 536 2082 nosse:
573 2051 696 2097 caput
720 2043 829 2084 enim
859 2043 1132 2085 arbitrabatur
1163 2058 1255 2084 esse
1287 2043 1478 2093 oratoris,
1514 2051 1559 2084 ut
1582 2043 1735 2099 etipse

396 2102 474 2151 eis,
511 2104 621 2158 apud
655 2119 757 2157 quos
795 2113 953 2160 ageret,
997 2105 1108 2154 talis,
1152 2105 1316 2159 qualem
1353 2120 1396 2146 se
1434 2120 1525 2146 esse
1563 2112 1734 2160 optaret,

394 2164 617 2215 videretur3
652 2166 695 2207 id
722 2166 810 2207 fieri
846 2167 953 2208 vitae
990 2167 1207 2222 dignitate,
1233 2168 1283 2207 de
1309 2181 1392 2221 qua
1419 2167 1520 2207 nihil
1543 2167 1736 2208 rhetorici

394 2225 462 2267 isti
487 2227 673 2268 doctores
698 2228 741 2269 in
763 2229 994 2284 praeceptis
1028 2229 1112 2269 suis
1137 2229 1399 2283 reliquissent
1408 2246 1418 2277 3
1457 2237 1498 2269 et
1520 2229 1579 2269 uti
1604 2229 1641 2269 ei
1665 2228 1735 2282 qui

396 2289 599 2339 audirent,
627 2290 685 2330 sic
710 2291 979 2332 adficerentur
1005 2292 1164 2341 animis,
1189 2299 1235 2332 ut
1259 2307 1329 2333 eos
1355 2291 1474 2332 adfici
1498 2291 1622 2332 vellet
1645 2305 1735 2332 ora-

396 2357 475 2399 tor3
513 2353 623 2405 quod
645 2353 744 2394 item
767 2354 855 2394 fieri
879 2354 990 2395 nullo
1016 2355 1138 2395 modo
1163 2369 1306 2410 posse,
1337 2353 1416 2394 nisi
1441 2361 1663 2409 cognosset
1684 2353 1733 2403 is,

395 2412 465 2464 qui
501 2413 669 2464 diceret,
707 2423 806 2468 quot
841 2416 974 2457 modis
1011 2415 1223 2457 hominum
1254 2422 1412 2456 mentes
1444 2423 1484 2455 et
1515 2415 1662 2468 quibus
1695 2422 1735 2455 et

397 2487 476 2525 quo
513 2490 664 2529 genere
706 2477 900 2519 orationis
936 2478 978 2518 in
1016 2493 1220 2532 quamque
1255 2486 1414 2533 partem
1453 2484 1732 2526 moverentur-3

397 2534 498 2575 haee
535 2545 672 2578 autem
707 2553 800 2580 esse
835 2539 1000 2595 penitus
1036 2540 1079 2580 in
1114 2539 1250 2580 media
1283 2539 1546 2594 philosophia
1573 2546 1734 2579 retrusa

398 2604 518 2649 atque
554 2599 710 2649 abdita,
746 2615 851 2654 quae
885 2601 954 2643 isti
987 2601 1171 2643 rhetores
1202 2616 1253 2642 ne
1287 2601 1532 2656 primoribus
1568 2599 1733 2652 quidem

398 2659 522 2699 labris
549 2661 792 2715 attigissent.
852 2678 901 2703 ea
924 2664 1197 2704 Menedemus
1229 2662 1426 2716 exemplis
1451 2661 1583 2715 magis
1609 2675 1733 2714 quam

398 2722 648 2776 argumentis
685 2724 909 2765 conabatur
943 2725 1149 2775 refellere,
1190 2723 1424 2766 memoriter
1459 2722 1569 2764 enim
1603 2722 1732 2764 multa
