1859 3069
313 842 359 866 153

311 1647 358 1671 154

317 2245 360 2278 4ss

313 2294 360 2317 155

384 181 467 222 312
793 187 842 219 M.
869 184 1046 220 TULLII
1073 182 1339 218 CICERONIS

385 269 505 310 dulae
537 267 730 315 Catonis,
767 265 951 305 indicant
981 278 1124 305 omnes
1155 267 1302 318 po‘e’tae
1331 271 1494 318 praeter
1524 279 1614 314 eos,
1652 264 1733 317 qui,

384 340 427 372 ut
454 345 618 371 versum
644 330 845 376 facerent,
873 340 998 380 saepe
1024 325 1212 374 hiabant,
1236 332 1283 365 ut.
1305 325 1507 366 Naevius:

442 408 527 441 voe,
554 391 622 444 qui
649 389 830 431 accolitis
857 388 1050 428 Histrum
1072 387 1244 428 fluvium
1270 394 1393 440 atque
1418 387 1597 442 algidam

386 462 426 495 ct
450 453 623 493 ibidem:

441 529 566 567 quam
590 528 816 566 numquam
842 512 960 553 vobis
989 510 1091 553 Grai
1117 519 1241 564 atque
1265 511 1430 552 barbari
1456 543 1485 552 ..
1515 543 1524 552 .

384 587 423 617 at
450 575 612 616 Ennius
639 575 786 616 semel:

442 637 584 692 Scipio
610 637 762 678 invicte
789 669 818 678 ..

383 708 423 741 et
449 700 616 753 quidem
641 714 737 740 nos:

440 762 518 802 hoc
542 769 658 803 motu
681 761 881 802 radiantis
906 760 1077 802 Etesiae
1102 761 1144 801 in
1169 760 1277 801 vada
1300 760 1417 815 ponti
1443 792 1532 801 .....

384 825 462 865 hoc
487 824 598 865 idem
621 823 752 864 nostri
778 823 944 878 saepius
970 838 1051 863 non
1084 823 1292 872 tulissent,
1331 822 1442 875 quod
1468 821 1618 863 Graeci
1649 821 1737 862 lau-

382 887 479 926 dare
505 886 630 927 etiam
656 886 801 927 solent.
863 885 937 926 sed
961 885 1060 938 quid
1085 900 1163 939 ego
1190 884 1370 925 vocalis?
1409 884 1496 925 sine
1522 883 1735 925 vocalibus

384 963 507 1002 saepe
527 947 741 989 brevitatis
761 961 887 988 causa
906 947 1217 996 contrahebant,
1238 956 1283 986 ut
1302 947 1359 987 ita
1378 946 1560 987 dicerent
1582 945 1735 985 ‘multi'

381 1010 535 1059 modis,
573 1010 665 1050 vas'
693 1009 920 1064 argenteis,
956 1009 1084 1064 palm’
1124 1018 1164 1049 et
1189 1009 1389 1058 crinibus,
1416 1008 1529 1049 tecti’
1569 1007 1736 1048 fractis.’

382 1072 482 1125 quid
507 1087 604 1113 vero
629 1072 838 1120 licentius,
877 1086 1001 1124 quam
1032 1072 1143 1124 quod
1179 1071 1392 1111 hominum
1424 1070 1547 1110 etiam
1572 1069 1739 1109 nomina

383 1134 699 1183 contrahebant,
727 1148 807 1187 quo
834 1140 974 1174 essent
999 1134 1182 1188 aptiora?
1214 1148 1310 1173 nam
1335 1140 1381 1172 ut
1406 1131 1625 1172 ‘duellum’
1653 1131 1740 1172 bel-

382 1195 467 1235 lum
493 1203 533 1236 et
559 1196 688 1236 ‘duis'
715 1196 792 1245 bis,
821 1195 879 1236 sic
905 1195 1156 1235 ‘Duellium’
1185 1210 1291 1243 eum,
1319 1194 1388 1247 qui
1411 1195 1578 1234 Poenos
1606 1193 1739 1234 classe

383 1257 553 1307 devicit,
583 1258 765 1298 Bellium
789 1257 1126 1306 nominaverunt,
1165 1272 1258 1296 cum
1285 1256 1517 1310 superiores
1545 1255 1739 1310 appellati

385 1327 527 1359 essent
563 1334 728 1373 semper
765 1318 967 1359 ‘Duellii.'
1028 1318 1126 1371 quin
1159 1318 1283 1358 etiam
1318 1318 1446 1358 verba
1483 1331 1607 1371 saepe
1643 1330 1741 1357 con-

383 1381 602 1421 trahuntur
626 1396 709 1421 non
734 1396 835 1421 usus
864 1395 1008 1429 causa,
1047 1381 1121 1420 sed
1153 1379 1331 1428 aurium3
1369 1393 1450 1432 quo
1481 1379 1604 1419 modo
1632 1378 1741 1419 enim

384 1451 520 1483 vester
548 1443 727 1483 ‘Axilla’
749 1443 834 1482 Ala
859 1442 994 1482 factus
1021 1450 1083 1482 est
1109 1441 1189 1481 nisi
1213 1442 1315 1495 fuga
1338 1441 1498 1481 litterae
1523 1440 1740 1481 vastioris?

383 1520 507 1558 quam
531 1504 710 1545 litteram
736 1504 860 1545 etiam
885 1519 906 1544 e
933 1503 1149 1544 ‘maxillis'
1183 1510 1224 1544 et
1254 1502 1445 1543 ‘taxillis'
1480 1510 1520 1543 et
1551 1501 1739 1543 ‘vexillo'

383 1576 424 1608 et
460 1567 649 1622 ‘paxillo’
689 1567 945 1608 consuetudo
983 1567 1152 1621 elegans
1178 1566 1321 1606 Latini
1353 1565 1554 1606 sermonis
1589 1565 1740 1606 evellit.

382 1630 557 1670 libenter
582 1629 707 1670 etiam
732 1629 964 1683 copulando
991 1629 1118 1669 verba
1142 1628 1382 1682 iungebant,
1407 1635 1454 1668 ut
1480 1627 1639 1668 ‘sodes’
1666 1641 1741 1681 pro

384 1692 437 1731 ‘si
481 1691 641 1740 audes‚'
680 1690 775 1731 ‘sis'
815 1706 889 1745 pro
928 1689 981 1730 ‘si
1021 1689 1121 1738 vis3’
1159 1689 1241 1730 iam
1270 1689 1313 1729 in
1343 1704 1426 1730 uno
1464 1688 1639 1743 ‘capsis’
1666 1688 1743 1729 tria

383 1753 510 1793 verba
535 1759 642 1793 sunt.
705 1752 809 1792 ‘ain’
838 1767 910 1807 pro
937 1751 1105 1800 ‘aisne‚'
1135 1751 1342 1804 ‘nequire’
1368 1766 1443 1805 pro
1471 1755 1571 1791 ‘non
1598 1749 1740 1803 quire,'

384 1814 542 1854 ‘malle’
570 1829 643 1868 pro
672 1813 823 1867 ‘magis
850 1813 988 1861 velle,’
1030 1813 1176 1854 ‘nolle’
1203 1828 1278 1867 pro
1305 1817 1406 1853 ‘non
1433 1812 1570 1861 velle,’
1610 1811 1741 1852 ‘dein’

383 1876 504 1916 etiam
538 1890 662 1930 saepe
693 1883 734 1916 et
772 1875 902 1916 ‘exin’
935 1890 1009 1930 pro
1036 1875 1222 1916 ‘deinde'
1256 1883 1295 1916 et
1322 1875 1513 1915 ‘exinde'
1554 1874 1742 1915 dicimus.

383 1937 499 1990 quid,
536 1937 638 1977 illud
672 1952 756 1978 non
792 1937 875 1977 olet
905 1938 1014 1978 unde
1052 1937 1122 1986 sit,
1161 1937 1272 1990 quod
1302 1937 1449 1977 dicitur
1486 1941 1598 1976 ‘cum
1635 1934 1742 1984 illis,'

385 1999 509 2039 ‘cum'
537 2006 674 2039 autem
700 1998 858 2039 ‘nobis’
886 2014 969 2039 non
995 1999 1155 2047 dicitur,
1183 1999 1257 2039 sed
1284 1998 1561 2039 ‘nobiscuiuP'
1589 1997 1684 2051 quia
1710 1997 1742 2037 si

382 2061 440 2101 ita
476 2061 699 2110 diceretur,
745 2060 966 2101 obscenius
993 2068 1289 2101 concurrerent
1324 2061 1502 2109 litterae,
1540 2069 1585 2101 ut
1621 2060 1744 2101 etiam

384 2123 519 2171 modo,
545 2122 625 2163 nisi
651 2122 829 2163 ‘autem'
855 2122 1212 2177 interposuissem‚
1239 2122 1557 2163 concurrissent.
1617 2137 1669 2163 ex
1695 2137 1743 2163 eo

384 2193 448 2225 est
473 2184 670 2225 ‘mecum’
709 2192 750 2225 et
775 2184 962 2234 ‘tecum,’
992 2200 1075 2226 non
1109 2189 1222 2224 ‘cum
1247 2184 1347 2233 me‚'
1385 2191 1427 2225 et
1452 2187 1564 2224 ‘cum
1590 2184 1661 2233 te‚'
1700 2191 1746 2224 ut

386 2255 497 2287 esset
522 2246 655 2287 simile
679 2246 760 2287 illis
788 2246 1045 2287 ‘vobiscum’
1072 2261 1120 2287 ac
1146 2245 1412 2287 ‘nobiscum.’
1473 2254 1595 2299 atque
1621 2245 1744 2286 etiam

387 2325 410 2349 a
440 2309 691 2362 quibusdam
730 2323 822 2349 sero
859 2308 944 2348 iam
981 2309 1225 2350 emendatur
1263 2307 1504 2360 antiquitas,
1543 2307 1612 2360 qui
1643 2307 1746 2348 haec

383 2370 711 2425 reprehendunt3
755 2385 852 2410 nam
888 2386 963 2425 pro
1009 2371 1152 2411 ‘deum
1190 2378 1313 2422 atque
1349 2369 1562 2410 hominum
1601 2368 1742 2410 fidem'

387 2432 593 2474 ‘deorum’
621 2432 747 2473 aiunt..
807 2432 876 2481 ita,
905 2432 1040 2481 credo,
1067 2432 1145 2473 hoe
1170 2431 1228 2472 illi
1252 2431 1512 2481 nesciebant,
1540 2447 1592 2472 an
1619 2432 1746 2472 dabat

386 2494 493 2535 hanc
516 2494 726 2535 licentiam
751 2495 1032 2535 consuetudo?
1057 2494 1196 2548 itaque
1221 2494 1330 2534 idem
1356 2497 1496 2549 poe‘ta,
1523 2493 1592 2547 qui
1617 2493 1745 2534 inusi-

388 2556 511 2596 tatius
539 2564 824 2597 contraxerat:
1236 2571 1239 2573 ·

443 2617 570 2672 patris
595 2618 696 2667 mei,
721 2621 860 2658 meum
886 2618 1041 2659 factum
1066 2618 1194 2673 pudet

390 2694 463 2734 pro
489 2684 693 2719 ‘meorum
720 2680 923 2721 factorum
933 2680 963 2729 3'
991 2688 1030 2721 et
