1859 3069
329 391 374 426 64

322 1084 373 1110 258

322 1390 371 1415 259

321 1948 370 1974 260

327 2551 370 2583 05

321 2598 369 2622 201

402 164 482 206 118
808 171 856 206 M.
881 169 1060 206 ‘TULLII
1087 167 1351 206 CICERONIS

398 262 636 303 convertas,
668 267 793 307 quam
817 252 870 293 ob
895 265 984 292 rem
1007 250 1066 291 ita
1090 251 1182 305 quis
1208 258 1400 301 vocetur3
1436 259 1483 292 ut
1507 266 1586 306 ego
1624 266 1757 308 nuper

395 316 640 358 Nummium
676 314 920 362 divisorem,
958 320 1005 354 ut
1032 313 1356 368 Neoptolemum
1392 313 1445 354 ad
1469 313 1658 363 Troiam,
1698 313 1756 355 sic

398 378 514 419 illum
537 378 580 418 in
606 390 752 431 campo
777 375 934 417 Martio
959 389 1113 417 nomen
1135 375 1346 417 invenisse
1355 392 1366 425 3
1394 383 1516 429 atque
1542 375 1644 417 haec
1670 390 1757 417 om-

399 440 468 481 nia
492 440 618 480 verbo
645 438 919 480 continentur.
980 453 1105 493 saepe
1131 438 1256 479 etiam
1295 453 1440 480 versus
1472 439 1606 480 facete
1631 438 1756 479 inter-

398 502 582 557 ponitur,
620 501 686 543 vel
711 508 757 541 ut
782 508 846 542 est
870 500 936 541 vel
960 500 1174 555 paululum
1205 500 1465 550 immutatus,
1506 499 1595 556 [aut
1620 501 1757 554 aliqua

398 579 492 619 pars
513 563 693 619 versus,]
716 571 761 605 ut
781 562 906 605 Statii
924 579 948 605 a
969 562 1129 605 Scauro
1151 564 1454 613 stomachante3
1487 579 1539 605 ex
1559 578 1640 618 quo
1661 573 1757 605 sunt

396 642 479 667 non
498 625 613 675 nulli,
629 626 699 680 qui
713 634 827 667 tuam
840 626 976 681 legem
992 625 1042 667 de
1058 625 1223 666 civitate
1237 634 1390 676 natam,
1407 625 1576 676 Crasse,
1598 626 1755 668 dicant:

454 696 504 739 st,
519 696 665 738 tacete,
681 688 781 742 quid
794 688 873 730 hoc
893 688 1109 730 clamoris?
1129 688 1270 742 quibu’
1284 702 1362 730 nec
1381 697 1511 730 mater
1529 703 1606 730 nec
1625 697 1755 745 pater,

453 758 569 791 tanta
594 750 867 792 confidentia?
893 750 1052 791 auferte
1077 750 1201 791 istam
1226 749 1336 791 enim
1363 751 1612 806 superbiam.

396 828 492 854 nam
516 813 560 854 in
581 812 726 855 Caelio
747 828 846 854 sane
867 813 991 855 etiam
1017 813 1069 854 ad
1095 828 1264 854 causam
1285 813 1384 854 utile
1404 813 1483 854 suit
1507 822 1623 854 tuum
1641 813 1755 863 illud,

395 875 574 925 Antoni,
613 889 708 916 cum
732 875 800 916 illc
827 890 850 916 a
876 890 922 916 se
946 874 1167 931 pecuniam
1196 875 1428 931 profectam
1460 875 1614 917 diceret
1639 876 1756 917 testis

396 945 438 979 et
462 938 635 979 haberet
658 937 790 978 filium
815 938 1117 987 delicatiorem,
1145 938 1323 979 abeunte
1348 938 1431 978 iam
1455 938 1539 988 illo,

453 1001 590 1041 sentin
616 1015 759 1042 senem
784 1015 877 1041 esse
903 1007 1059 1041 tactum
1084 999 1254 1055 triginta
1278 1000 1427 1040 minis?

397 1062 439 1102 in
470 1062 549 1103 1100
580 1077 714 1117 genus
752 1061 1011 1103 coniciuntur
1045 1062 1284 1117 proverbia,
1321 1070 1367 1103 ut
1397 1062 1499 1102 illud
1532 1059 1755 1116 Scipionis,

397 1140 491 1166 011111
527 1125 699 1166 Asellus
743 1124 876 1166 omnis
918 1125 1153 1180 provincias
1199 1125 1406 1180 stipendia
1446 1133 1674 1166 merentem
1711 1140 1756 1166 se

395 1202 643 1243 peragrasse
680 1187 944 1243 gloriaretur:
984 1192 1104 1242 ‘agas
1143 1187 1335 1228 asellum’
1377 1186 1437 1242 [et
1461 1186 1636 1242 cetera];
1676 1203 1757 1241 qua

396 1265 440 1291 re
468 1265 518 1291 ea
542 1265 726 1304 quoque,
766 1250 961 1304 quoniam
984 1250 1153 1291 mutatis
1180 1250 1317 1291 verbis
1342 1265 1427 1291 non
1458 1258 1636 1305 possunt
1658 1250 1756 1290 reti-

395 1327 493 1353 nere
519 1313 696 1354 eandem
721 1320 1000 1361 venustatem,
1027 1327 1110 1352 non
1134 1311 1177 1352 in
1200 1327 1263 1361 re,
1291 1312 1365 1353 sed
1390 1311 1433 1352 in
1457 1311 1594 1352 verbis
1619 1311 1756 1367 posita

397 1374 611 1416 ducantur.
672 1382 735 1416 est
760 1375 885 1416 etiam
909 1374 952 1415 in
977 1375 1104 1416 verbo
1130 1374 1314 1429 positum
1343 1389 1427 1415 non
1452 1373 1658 1415 insulsum
1682 1389 1755 1429 ge-

396 1451 473 1477 nus
500 1451 551 1477 ex
577 1451 643 1486 eo,
682 1451 777 1478 Cum
802 1437 857 1478 ad
881 1437 1073 1486 verbum,
1109 1451 1193 1477 non
1219 1436 1271 1477 ad
1297 1435 1545 1477 sententiam
1574 1451 1662 1477 rem
1688 1449 1755 1476 ac-

396 1498 532 1552 cipere
558 1498 744 1548 videare3
784 1514 836 1540 ex
861 1513 943 1552 quo
968 1514 1052 1541 uno
1084 1513 1237 1554 genere
1263 1506 1374 1540 totus
1400 1506 1464 1539 est
1488 1498 1640 1547 Tutor,
1679 1498 1755 1538 mi-

395 1575 487 1601 mus
513 1568 652 1610 vetus,
679 1561 833 1616 oppido
858 1561 1069 1602 ridiculus.
1130 1561 1206 1602 sed
1231 1561 1334 1602 abeo
1361 1576 1385 1602 a
1409 1560 1566 1610 mimis3
1593 1568 1753 1602 tantum

396 1633 528 1676 genus
554 1622 675 1664 huius
701 1623 863 1663 ridiculi
881 1623 1035 1678 insigni
1062 1623 1198 1676 aliqua
1223 1631 1264 1664 et
1287 1631 1386 1664 nota
1411 1638 1454 1664 re
1479 1622 1613 1664 notari
1637 1622 1752 1672 volo3

395 1692 459 1725 est
485 1692 623 1725 autem
649 1699 700 1725 ex
725 1685 804 1725 hoc
829 1700 981 1740 genere
1007 1685 1127 1734 illud,
1166 1685 1277 1738 quod
1307 1694 1369 1735 tu,
1408 1684 1585 1734 Crasse,
1622 1699 1754 1740 nuper

397 1746 452 1795 01,
493 1747 563 1800 qui
587 1756 627 1788 te
651 1755 863 1802 rogasset,
900 1762 1000 1787 num
1031 1746 1105 1787 tibi
1130 1747 1330 1788 molestus
1357 1755 1469 1787 esset
1498 1746 1681 1795 futurus,
1720 1746 1754 1787 si

396 1809 449 1850 ad
473 1816 513 1850 te
537 1808 643 1850 bene
670 1818 763 1850 ante
794 1809 929 1850 lucem
955 1808 1157 1857 venisset,
1195 1813 1257 1849 ‘tu
1288 1808 1403 1849 vero'
1441 1808 1611 1861 inquisti
1648 1812 1754 1849 ‘mo-

394 1871 524 1912 lestus
550 1886 634 1912 non
659 1870 767 1912 eris.’
829 1870 1009 1912 ‘iubebis
1035 1870 1161 1926 igitur
1187 1870 1244 1911 te'
1271 1871 1403 1924 inquit
1428 1869 1679 1911 ‘suscita1·i?'
1713 1877 1754 1910 et

396 1942 440 1973 tu
466 1936 595 1974 ‘certe
620 1948 820 1988 negaram
845 1940 884 1973 te
910 1933 1131 1974 molestum
1156 1932 1365 1973 futurum?
1427 1947 1478 1973 ex
1503 1932 1650 1974 eodem
1675 1932 1754 1973 hoc

394 2002 514 2036 vetus
551 1995 654 2036 illud
690 2002 772 2044 est,
816 1996 928 2049 quod
965 1995 1080 2035 aiunt
1113 1995 1453 2050 Maluginensem
1495 1995 1611 2035 illum
1650 1993 1750 2049 [M.]

395 2056 653 2113 Scipionem,
692 2072 786 2098 011111
823 2073 875 2098 ex
911 2057 1095 2098 centuria
1132 2073 1207 2098 sua
1242 2057 1497 2098 renuntiaret
1526 2057 1753 2098 Acidinum

394 2120 608 2162 consulem
633 2135 866 2176 praecoque
893 2120 1067 2161 dixisset
1098 2120 1183 2160 ‘dic
1209 2120 1259 2160 de
1285 2120 1338 2160 L.
1363 2119 1565 2160 BIanlioz'
1599 2119 1752 2160 ‘virum

394 2183 566 2224 bonum’
605 2183 740 2236 inquit
776 2182 1093 2238 ‘egregiumque
1119 2182 1251 2223 civem
1277 2197 1369 2223 esse
1396 2181 1596 2223 arbitr0r.'
1654 2181 1751 2222 ridi-

394 2245 485 2286 cule
511 2245 636 2286 etiam
661 2245 763 2286 illud
783 2245 837 2286 L.
863 2243 1074 2300 [Porcius]
1095 2244 1248 2285 Nasica
1274 2244 1435 2285 censori
1461 2242 1630 2293 Catoni3
1658 2257 1751 2284 cum

393 2307 461 2348 ille
488 2312 560 2349 ‘ex
585 2307 643 2348 tui
670 2307 794 2348 animi
821 2307 1026 2348 sententia
1055 2315 1099 2347 tu
1124 2322 1296 2348 uxorem
1322 2306 1492 2347 habes?
1532 2310 1634 2347 ‘non
1659 2305 1751 2346 her-

393 2370 502 2411 cule'
539 2369 673 2423 inquit
698 2374 770 2410 ‘ex
794 2369 876 2410 mei
913 2369 1038 2409 animi
1076 2368 1306 2410 sententia.'
1366 2368 1469 2409 haec
1501 2376 1571 2409 aut
1600 2367 1751 2422 frigida

395 2440 492 2472 sunt
516 2439 587 2473 aut
611 2440 699 2472 tum
725 2431 853 2480 salsa,
891 2445 985 2471 cum
1016 2431 1129 2471 aliud
1153 2438 1216 2472 est
1246 2437 1544 2486 exspectatum.
1604 2438 1750 2470 natura

395 2493 504 2534 enim
540 2509 636 2543 nos,
673 2501 719 2534 ut
749 2501 843 2535 ante
881 2493 985 2542 dixi,
1022 2500 1163 2534 noster
1200 2492 1378 2533 delectat
1409 2507 1539 2541 error3
1578 2507 1630 2533 ex
1654 2506 1748 2545 quo,

395 2568 489 2595 cum
531 2556 650 2609 quasi
693 2555 856 2611 decepti
893 2570 1036 2596 sumus
1081 2555 1410 2609 exspectatione,
1452 2554 1646 2609 ridemus.
1706 2552 1749 2593 in
1776 2549 1779 2551 ⁵

399 2617 534 2657 verbis
571 2617 695 2658 etiam
730 2617 801 2658 illa
838 2625 953 2666 sunt,
991 2631 1095 2670 quae
1133 2624 1203 2657 aut
1233 2631 1284 2657 cx
1314 2616 1529 2656 immutata
1564 2613 1747 2655 oratione

395 2677 602 2719 ducuntur
638 2686 706 2720 aut
739 2694 790 2720 ex
826 2680 948 2720 unius
987 2677 1102 2720 verbi
1133 2677 1400 2720 translatione
1432 2684 1502 2718 aut
1532 2691 1583 2717 ex
1612 2675 1748 2716 inver-
