1859 3069
306 657 338 682 16

310 1241 339 1265 17

313 1522 344 1546 18

314 2016 344 2040 Γ.)

318 2631 350 2655 20

358 185 441 227 280
759 190 810 224 M.
839 188 1015 223 TULLII
1042 186 1304 223 CICERONIS

362 273 576 321 Socrates,
615 270 726 323 quod
749 269 784 308 is
809 269 1090 321 Anaxagorae
1120 266 1283 321 physici
1313 267 1436 309 fuerit
1467 268 1647 317 auditor3
1687 283 1707 308 a

359 350 440 389 quo
469 331 646 389 [censet]
674 345 770 371 eum
795 343 888 369 eum
915 328 995 368 alia
1024 328 1238 382 praeclara
1257 328 1460 380 quaedam
1485 338 1526 370 ct
1549 329 1710 383 magni-

358 398 436 437 fica
461 394 674 440 didicisse,
713 399 799 431 tum
831 390 1002 429 uberem
1030 396 1071 429 et
1095 389 1320 429 fecundum
1350 390 1480 431 fuisse
1516 405 1711 445 gnarum-

359 472 455 510 que,
500 454 612 507 quod
646 459 710 492 est
745 450 1004 504 eloquentiae
1041 450 1287 499 maximum,
1331 450 1478 503 quibus
1516 453 1709 493 orationis

358 517 491 558 modis
518 528 707 568 quaeque
734 512 965 553 animorum
995 519 1134 567 partes
1159 512 1429 567 pellerentur:
1467 513 1578 565 quod
1602 514 1710 554 idem

358 579 408 619 de
433 575 722 618 Demosthene
754 573 982 615 existimari
1011 581 1169 628 potest,
1207 573 1323 614 cuius
1350 588 1401 614 ex
1432 573 1619 628 epistulis
1650 574 1712 614 in-

358 638 497 693 tellegi
522 637 617 677 licet
647 651 771 689 quam
808 635 1003 688 frequens
1036 634 1160 675 fuerit
1181 635 1371 676 Platonis
1405 635 1577 676 auditor.
1636 649 1712 675 nec

357 715 456 741 vero
500 699 588 740 sinc
629 697 973 753 philosophorum
1020 696 1240 752 disciplina
1280 712 1413 751 genus
1451 704 1492 737 et
1534 697 1714 752 speciem

357 762 555 814 cuiusque
574 760 634 801 rei
654 774 834 808 cernere,
858 773 993 812 neque
1019 773 1110 799 eam
1136 758 1369 800 definiendo
1394 759 1613 813 explicare,
1637 773 1714 800 nec

358 824 537 864 tribuere
561 822 604 862 in
628 821 757 876 partis
783 835 1022 875 possumus,
1047 834 1123 861 nec
1149 820 1331 862 iudicare
1357 834 1461 874 quae
1486 835 1585 861 vera
1609 834 1714 873 quae

357 885 465 925 falsa
490 884 583 932 sint,
619 897 754 936 neque
791 896 959 923 cernere
996 882 1311 935 consequentia,
1348 881 1624 937 repugnantia
1654 881 1714 921 vi-

358 947 468 996 dere,
495 944 692 999 ambigua
716 944 984 998 distinguere.
1033 943 1132 997 quid
1157 944 1291 984 dicam
1317 944 1367 984 de
1393 951 1541 984 natura
1563 958 1713 992 rerum,

360 1008 476 1049 cuius
509 1006 690 1061 cognitio
722 1021 919 1060 magnam
950 1005 1146 1046 orationis
1180 1006 1418 1060 suppeditat
1447 1004 1626 1059 copiam,
1664 1004 1714 1045 de

358 1070 462 1118 vita,
500 1069 551 1110 de
577 1068 745 1117 officiis,
784 1068 834 1108 de
860 1067 1030 1117 virtute,
1068 1067 1119 1108 de
1154 1067 1338 1108 moribus
1363 1082 1445 1108 non
1473 1067 1560 1107 sine
1586 1066 1715 1107 multa

359 1145 501 1172 earum
535 1129 721 1185 ipsarum
761 1144 899 1170 rerum
942 1128 1160 1183 disciplina
1195 1136 1266 1169 aut
1301 1128 1381 1168 dici
1418 1136 1487 1169 aut
1530 1127 1715 1182 intellegi

360 1194 511 1249 posse?
548 1193 600 1233 ad
636 1193 711 1233 has
750 1199 811 1233 tot
846 1199 1065 1246 tantasque
1101 1207 1167 1232 res
1205 1191 1439 1232 adhibenda
1471 1198 1566 1232 sunt
1596 1205 1715 1232 orna-

359 1263 501 1297 menta
523 1255 858 1304 innumerabilia3
887 1253 1011 1308 [quae
1038 1254 1126 1295 sola
1151 1262 1237 1294 tum
1262 1253 1429 1307 quidem
1448 1253 1715 1293 tradebantur

361 1320 413 1359 ab
428 1318 500 1367 eis,
516 1317 586 1372 qui
601 1317 764 1358 dicendi
783 1318 1106 1357 numerabantur
1119 1316 1306 1371 magistri
1315 1315 1344 1370 3]
1363 1331 1443 1369 quo
1457 1316 1502 1357 fit
1516 1322 1561 1356 ut
1575 1329 1714 1356 veram

360 1381 473 1421 illam
499 1388 540 1421 et
564 1380 797 1421 absolutam
822 1379 1100 1433 eloquentiam
1124 1394 1246 1420 nemo
1273 1386 1566 1432 consequatur,
1605 1377 1715 1431 quod

363 1441 443 1483 alia
472 1441 759 1497 intellegendi,
799 1441 878 1482 alia
910 1441 1073 1481 dicendi
1110 1440 1327 1495 disciplina
1357 1448 1438 1490 est,
1476 1447 1516 1480 et
1541 1440 1592 1480 ab
1625 1438 1714 1479 aliis

362 1519 518 1552 rerum,
557 1504 608 1544 ab
634 1503 724 1544 aliis
750 1504 971 1544 verborum
997 1503 1183 1544 doctrina
1208 1502 1429 1556 quaeritur.
1487 1502 1626 1554 itaque
1650 1500 1713 1541 M.

362 1566 591 1615 Antonius,
630 1565 695 1605 cui
720 1565 786 1606 vel
810 1565 964 1620 primas
996 1564 1254 1619 eloquentiae
1285 1572 1450 1619 patrum
1480 1572 1713 1604 nostrorum

361 1628 567 1668 tribuebat
593 1634 725 1676 aetas,
762 1624 845 1679 [vir
874 1635 1021 1668 natura
1045 1636 1266 1682 peracutus
1293 1635 1333 1668 et
1356 1624 1571 1682 prudens‚]
1599 1625 1640 1666 in
1666 1639 1714 1666 eo

361 1689 485 1738 libro,
512 1703 636 1742 quem
659 1703 787 1728 unum
811 1689 988 1740 reliquit,
1016 1689 1191 1729 disertos
1218 1688 1274 1728 ait
1299 1703 1342 1729 se
1369 1688 1523 1728 vidisse
1548 1686 1713 1735 multos,

362 1751 622 1804 eloquentem
647 1750 812 1791 omnino
837 1750 1063 1791 neminem:
1098 1748 1322 1803 [insidebat
1347 1749 1535 1790 videlicet
1561 1749 1603 1788 in
1628 1747 1715 1788 eius

361 1821 499 1854 mente
526 1812 684 1867 species
711 1812 984 1866 eloquentiae,
1011 1827 1135 1865 quam
1160 1813 1355 1853 cernebat
1380 1812 1530 1860 animo,
1555 1826 1599 1851 re
1624 1810 1716 1865 ipsa

361 1890 446 1915 non
476 1873 675 1928 videbat]
737 1874 799 1914 vir
831 1882 968 1915 autem
999 1874 1197 1915 acerrimo
1234 1873 1401 1928 ingenio
1427 1896 1482 1901 —
1509 1872 1566 1913 sic
1605 1871 1715 1912 enim

363 1936 520 1976 fuit—
543 1936 673 1976 multa
710 1943 751 1976 et
785 1936 828 1976 in
866 1951 910 1977 se
948 1944 988 1977 et
1022 1936 1064 1976 in
1103 1936 1192 1976 aliis
1231 1935 1472 1976 desiderans
1509 1933 1715 1974 neminem

362 1998 497 2052 plane,
525 1997 594 2051 qui
612 2006 722 2038 recte
745 1997 942 2052 appellari
963 1997 1159 2051 eloquens
1179 2004 1335 2051 posset,
1356 1996 1541 2036 videbat:
1569 1994 1717 2048 quodsi

362 2059 430 2100 ille
454 2073 531 2099 nec
563 2074 608 2100 se
632 2072 709 2100 nec
733 2060 787 2100 L.
815 2059 1017 2100 Crassum
1054 2059 1315 2112 eloquentem
1340 2058 1533 2113 putabat,
1571 2056 1717 2097 habuit

362 2121 548 2176 profecto
593 2121 934 2176 comprehensam
977 2121 1112 2162 animo
1162 2121 1371 2174 quandam
1413 2120 1589 2160 formam
1634 2118 1718 2159 elo-

365 2183 572 2237 quentiae,
621 2183 687 2223 cui
729 2183 924 2236 quoniam
967 2182 1068 2222 nihil
1112 2182 1270 2231 deerat,
1319 2196 1410 2231 eos,
1454 2180 1602 2234 quibus
1646 2179 1719 2220 ali-

366 2246 463 2299 quid
499 2253 569 2286 aut
603 2245 722 2300 plura
763 2245 951 2294 deerant,
994 2244 1038 2284 in
1080 2259 1171 2285 eam
1215 2244 1392 2285 formam
1433 2258 1516 2284 non
1556 2248 1717 2296 poterat

364 2307 586 2348 includere.
634 2307 932 2361 investigemus
970 2306 1080 2347 hunc
1120 2306 1263 2360 igitur,
1305 2306 1456 2354 Brute,
1501 2304 1535 2345 si
1570 2318 1717 2358 possu-

365 2384 476 2417 mus,
514 2383 636 2422 quem
670 2383 897 2421 numquam
934 2368 1037 2409 vidit
1071 2368 1300 2416 Antonius,
1339 2375 1409 2407 aut
1446 2366 1515 2419 qui
1551 2365 1716 2406 omnino

366 2431 502 2471 nullus
539 2445 736 2483 umquam
772 2430 867 2470 fuit:
912 2445 1034 2482 quem
1072 2430 1107 2469 si
1143 2429 1293 2470 imitari
1332 2436 1454 2482 atque
1489 2427 1717 2482 exprimere

366 2507 449 2532 non
484 2507 727 2546 possumus,
766 2492 876 2545 quod
912 2492 980 2532 illc
1013 2491 1122 2531 idem
1148 2491 1217 2531 vix
1249 2491 1326 2532 deo
1357 2504 1600 2531 concessum
1625 2502 1716 2528 esse

368 2553 548 2602 dicebat,
574 2561 615 2593 at
640 2553 772 2606 qualis
798 2568 890 2594 esse
917 2553 1082 2602 debeat,
1115 2552 1340 2607 poterimus
1366 2552 1542 2592 fortasse
1569 2549 1715 2590 dicere.

446 2615 547 2655 Tria
572 2623 667 2655 sunt
692 2615 859 2656 omnino
891 2630 1046 2670 genera
1082 2614 1263 2663 dicendi,
1301 2613 1450 2666 quibus
1477 2613 1519 2653 in
1545 2610 1716 2664 siugulis

369 2675 535 2727 quidam
571 2677 814 2726 floruerunt,
851 2692 1057 2732 peraeque
1096 2684 1251 2724 autem,
1289 2675 1332 2715 id
1366 2674 1476 2728 quod
1512 2673 1714 2719 volumus,
