1859 3069
469 205 539 240 DE
565 202 806 240 ORATORE
829 204 859 239 Ι.
883 203 1089 239 247-253.
1395 193 1450 236 55

106 289 314 338 venimus,
352 287 388 329 si
423 287 474 328 de
509 286 659 328 tabulis
695 292 737 327 et
770 285 1136 342 perscriptionibus
1173 282 1453 327 controversia

106 359 188 400 est,
231 356 438 392 contortas
474 364 541 391 res
578 357 620 391 et
660 363 785 404 saepe
820 347 999 389 difficilis
1040 347 1275 389 necessario
1317 346 1454 402 perdi-

107 414 280 463 scimus3
309 412 359 470 „si
392 411 508 467 leges
545 410 665 452 nobis
703 417 773 452 aut
809 410 844 451 si
879 409 1092 452 hominum
1129 409 1355 465 peritorum
1389 423 1454 450 re-

108 490 263 532 sponsa
298 474 589 529 cognoscenda
625 480 739 523 sunt,
779 487 969 515 veremur
1001 486 1054 514 ne
1090 486 1157 522 ea,
1193 471 1229 513 si
1264 472 1316 513 ab
1353 470 1453 511 adu-

106 536 306 579 lescentia
339 536 419 577 iuri
461 535 571 577 civili
611 535 748 577 minus
791 534 1088 585 studuerimus,
1129 548 1213 576 non
1253 548 1452 588 queamus

108 599 384 656 cognoscere?

185 661 352 703 'Nihilne
387 660 514 716 igitur
549 659 721 715 prodest
761 658 912 700 oratori
952 657 1051 700 iuris
1087 657 1218 700 civilis
1259 656 1454 699 seientia?

107 739 193 765 non.
216 738 389 779 possum
411 736 566 777 negare
582 721 784 777 prodesse
808 721 935 761 ullam
957 720 1182 770 scientiam,
1207 719 1245 761 ei
1267 734 1455 775 praeser-

108 786 199 836 tim,
243 786 359 827 euius
397 784 632 839 eloquentia
655 783 775 839 eopia
808 798 945 824 rerum
982 784 1130 824 debeat
1165 797 1257 824 esse
1292 788 1454 832 ornata3

109 848 183 890 sed
205 848 336 889 multa
359 854 401 889 et
423 862 576 901 magna
599 852 640 887 et
664 845 848 886 difficilia
883 853 979 886 sunt
1004 861 1071 895 ea,
1108 860 1213 900 quae
1245 852 1341 886 sunt
1363 859 1456 886 ora—

107 910 185 951 tori
208 908 462 958 necessaria,
485 915 533 949 ut
557 908 645 949 eius
671 907 914 948 industriam
938 907 980 948 in
1004 908 1123 963 plura
1149 907 1284 948 studia
1309 907 1457 948 distra-

106 972 204 1013 here
228 971 368 1013 nolim.
428 970 518 1025 quis
550 978 674 1025 neget
699 985 803 1026 opus
841 985 934 1011 esse
971 970 1121 1012 oratori
1151 970 1193 1011 in
1217 969 1295 1011 hoe
1319 976 1454 1010 orato-

106 1034 166 1075 rio
197 1041 313 1075 motu
342 1040 533 1087 statuque
558 1032 701 1074 Roscii
737 1040 902 1087 gestum
926 1041 967 1073 et
996 1033 1281 1074 venustatem?
1316 1039 1455 1073 tamen

105 1111 227 1137 nemo
258 1096 433 1137 suaserit
464 1094 659 1137 studiosis
697 1095 860 1136 dicendi
897 1095 1228 1136 adulescentibus
1258 1094 1301 1135 in
1333 1101 1455 1149 gestu

109 1156 344 1214 [discendo]
383 1157 629 1199 histrionum
659 1172 772 1198 more
810 1157 1033 1198 elaborare.
1093 1156 1192 1210 quid
1215 1163 1281 1198 est
1303 1155 1455 1198 oratori

104 1228 191 1262 tam
224 1219 507 1262 neeessariam
542 1234 667 1273 quam
701 1220 808 1260 vox?
850 1226 987 1260 tamen.
1024 1234 1090 1259 me
1132 1225 1298 1260 auctore
1332 1232 1453 1259 nemo

107 1282 270 1325 dicendi
295 1282 505 1325 studiosus
532 1281 788 1323 Graecorum
806 1296 922 1323 more
942 1282 1234 1336 tragoedorum
1257 1279 1351 1323 voei
1369 1294 1455 1322 ser-

104 1345 201 1395 viet,
227 1345 296 1399 qui
322 1352 363 1387 et
387 1360 517 1387 annos
542 1344 764 1400 compluris
785 1345 976 1385 sedentes
1003 1344 1267 1385 declamitant
1290 1350 1331 1384 et
1355 1341 1455 1384 coti-

107 1408 192 1457 die,
218 1416 313 1448 ante
339 1422 463 1461 quam
485 1406 772 1463 pronuntient,
810 1421 955 1448 vocem
981 1406 1178 1447 cubantes
1205 1405 1360 1447 sensim
1383 1420 1455 1447 ex-

106 1469 233 1510 citant
257 1470 533 1523 eandemque,
573 1484 666 1510 cum
691 1477 883 1525 egerunt,
921 1469 1113 1510 sedentes
1139 1468 1191 1509 ab
1216 1467 1453 1509 acutissimo

108 1546 210 1573 sono
247 1546 379 1586 usque
415 1532 469 1573 ad
505 1531 800 1587 gravissimum
836 1546 983 1572 sonum
1024 1530 1227 1586 recipiunt
1261 1538 1303 1571 et
1335 1528 1455 1584 quasi

106 1594 284 1648 quodam
309 1594 433 1636 modo
459 1594 683 1649 conligunt.
733 1594 811 1634 hoe
829 1609 905 1634 nos
933 1593 965 1633 si
990 1592 1126 1633 facere
1148 1592 1334 1641 velimus,
1359 1600 1455 1633 ante

105 1656 431 1697 condemnentur
456 1656 511 1706 ei,
551 1671 725 1710 quorum
751 1671 898 1696 causas
923 1655 1219 1710 receperimus,
1245 1668 1370 1708 quam
1393 1661 1456 1696 bo-

105 1719 232 1767 tiens,
277 1719 466 1772 quotiens
505 1718 816 1773 praescribitur,
859 1718 1070 1759 Paeanem
1105 1723 1177 1757 aut
1209 1716 1455 1758 Nomionem

106 1780 329 1822 eitarimus.
389 1781 538 1835 quodsi
562 1781 605 1821 in
628 1789 769 1836 gestU,
807 1780 873 1834 qui
900 1780 1075 1821 multum
1110 1785 1315 1820 oratorem
1339 1778 1455 1819 adlu-

105 1850 195 1893 vat,
231 1851 273 1885 et
295 1843 338 1884 in
365 1858 477 1892 voce,
504 1858 609 1897 quae
634 1858 715 1883 una
739 1842 917 1883 maxime
949 1841 1225 1895 eloquentiam
1249 1840 1315 1882 vel
1345 1854 1456 1882 eom-

105 1905 275 1947 mendat
297 1906 365 1947 vel
390 1906 585 1955 sustinet,
619 1905 831 1947 elaborare
855 1904 975 1946 nobis
1000 1920 1082 1945 non
1106 1904 1203 1944 lieet
1226 1918 1275 1944 ae
1298 1910 1459 1944 tantum

106 1968 149 2009 in
174 1975 348 2022 utroque
373 1968 543 2022 adsequi
569 1983 811 2023 possumus,
848 1974 1046 2021 quantum
1071 1966 1113 2007 in
1137 1966 1215 2006 hae
1245 1965 1333 2006 acie
1357 1964 1458 2007 coti-

108 2030 218 2071 diani
255 2030 435 2071 muneris
473 2030 595 2086 spatii
629 2030 749 2071 nobis
787 2030 925 2078 datur,
963 2037 1115 2083 quanto
1146 2028 1281 2069 minus
1312 2034 1375 2068 est
1405 2027 1458 2067 ad

109 2093 208 2133 iuris
251 2092 382 2133 civilis
428 2092 694 2147 perdiscendi
741 2092 1052 2147 occupationem
1099 2089 1458 2132 descendendum?

109 2155 221 2209 quod
245 2161 284 2195 et
315 2154 551 2195 summatim
580 2154 737 2210 percipi
775 2154 863 2195 sine
899 2154 1085 2195 doctrina
1120 2160 1257 2209 potest
1287 2158 1329 2192 et
1351 2151 1458 2192 hane

109 2217 233 2257 habet
258 2217 310 2257 ab
332 2216 414 2257 illis
437 2216 562 2257 rebus
589 2216 982 2265 dissimilitudinem,
1008 2216 1120 2269 quod
1145 2230 1225 2256 vox
1251 2222 1291 2255 et
1315 2219 1457 2268 gestus

111 2279 247 2320 subito
273 2278 381 2319 sumi
404 2286 445 2319 et
469 2278 633 2319 aliunde
659 2278 791 2333 adripi
814 2295 898 2320 non
921 2286 1076 2333 potest,
1101 2277 1201 2318 iuris
1225 2276 1380 2318 utilitas
1405 2275 1459 2317 ad

109 2356 313 2395 quamque
333 2354 500 2381 eausam
515 2341 703 2394 quamvis
716 2350 885 2396 repente
900 2342 964 2382 vel
985 2357 1009 2382 a
1027 2340 1168 2396 peritis
1188 2340 1254 2381 vel
1273 2340 1325 2381 de
1342 2339 1456 2381 libris

109 2403 296 2459 depromi
315 2409 467 2458 pot-est.
510 2403 649 2456 itaque
673 2402 731 2443 illi
757 2403 1016 2444 disertissimi
1035 2402 1222 2443 homines
1246 2401 1456 2443 ministros

108 2466 263 2506 habent
280 2465 323 2506 in
341 2464 476 2506 causis
495 2464 595 2505 iuris
614 2465 780 2520 peritos,
810 2463 922 2519 [eum
939 2465 1019 2520 ipsi
1039 2464 1120 2505 sint
1142 2463 1392 2519 peritissimi,
1417 2471 1459 2505 et

108 2527 210 2583 qui‚]
226 2535 271 2569 ut
285 2528 358 2569 abs
373 2534 412 2569 te
425 2527 548 2583 paulo
567 2535 662 2569 ante
681 2527 835 2567 dietum
854 2534 929 2577 est,
946 2525 1207 2582 [pragmatici
1224 2524 1454 2582 voeantur,]

108 2590 153 2631 in
177 2604 258 2644 quo
282 2589 414 2631 nostri
437 2589 603 2631 omnino
634 2588 781 2630 melius
806 2589 955 2638 multo,
994 2588 1105 2642 quod
1136 2587 1456 2629 clarissimorum

109 2652 325 2694 hominum
356 2651 598 2693 auctoritate
628 2651 743 2707 leges
775 2658 815 2692 et
843 2651 935 2692 iura
963 2657 1072 2692 tecta
1102 2665 1195 2692 esse
1223 2650 1454 2692 voluerunt.

110 2715 186 2757 sed
207 2721 347 2757 tamen
375 2730 459 2756 non
481 2714 659 2770 fugisset
686 2713 766 2756 hoe
792 2712 975 2757 Graecos
999 2712 1207 2764 homines,
1239 2712 1275 2754 si
1297 2711 1356 2754 ita
1382 2727 1457 2754 ne-

1477 983 1528 1010 251

1478 1793 1529 1819 252

1481 2416 1530 2442 2233
