1859 3069
324 538 371 562 1³0

322 785 368 808 131

322 2084 370 2107 133

399 182 479 222 172
804 188 852 222 M.
880 186 1057 222 TULLII
1085 186 1348 223 CICERONIS

397 271 499 312 sime
530 271 735 310 dicturum
765 283 857 308 esso
893 267 1127 321 profitetur3
1166 267 1283 320 isque
1314 268 1506 323 princeps
1538 284 1589 309 ex
1620 267 1751 309 omni-

395 334 472 374 bus
510 347 634 373 ausus
671 337 735 370 est
771 329 814 369 in
851 336 1056 369 conventu
1093 343 1265 383 poscere
1303 344 1384 382 qua
1415 330 1465 370 de
1500 346 1543 370 re
1575 330 1750 383 quisquc

395 395 520 435 vellet
556 392 715 439 audire;
754 390 820 430 cui
856 398 994 431 tantus
1032 390 1165 431 honos
1203 389 1368 431 habitus
1406 400 1469 432 est
1505 408 1528 433 a
1559 392 1749 439 Graecia,

396 456 473 497 soli
510 461 555 494 ut
591 468 642 493 cx
679 452 869 493 omnibus
906 451 1086 507 Delphis
1124 467 1207 492 non
1248 451 1437 493 inaurata
1479 461 1632 502 statua,
1677 454 1750 494 scd

396 532 521 557 aurea
545 522 806 555 statueretur.
850 514 924 554 sed
949 513 1003 562 hi,
1030 528 1133 567 quos
1160 513 1382 563 nominavi,
1409 514 1607 567 multique
1631 530 1750 569 prae—

395 587 507 619 tcrea
532 576 682 617 summi
722 576 885 616 dicendi
922 576 1112 617 doctores
1142 590 1225 616 uno
1258 584 1443 630 tempore
1475 576 1658 626 fuerunt3
1697 592 1749 617 ex

393 640 543 693 quibus
569 637 754 692 intellegi
779 644 917 692 potest
941 637 999 678 ita
1024 653 1068 678 se
1093 652 1181 678 rem
1206 637 1377 686 habere,
1415 645 1460 677 ut.
1485 644 1547 685 tu,
1582 636 1748 686 Crasse,

394 701 510 749 dicis,
537 699 794 753 oratorisque
819 715 971 741 nomen
992 700 1102 755 apud
1124 699 1314 752 antiquos
1339 699 1381 739 in
1401 699 1579 740 Graecia
1597 699 1750 740 maiore

395 764 574 817 quadam
600 763 665 803 vel
691 762 811 818 copia
835 763 901 803 vel
926 763 1059 817 gloria
1083 763 1290 812 floruisse3
1317 777 1398 816 quo
1425 763 1591 816 quidem
1616 763 1748 818 magis

394 825 536 866 dubito
569 825 696 865 tibine
733 825 826 880 plus
857 825 992 866 laudis
1025 841 1077 865 an
1110 825 1284 865 Graecis
1322 825 1634 880 vituperationis
1668 835 1751 866 sta-

393 896 507 929 tuam
532 902 625 928 esse
651 887 932 928 tribuendum:
966 901 1059 927 cum
1086 895 1129 927 tu
1153 887 1196 927 in
1222 887 1302 927 alia
1326 888 1469 942 lingua
1494 902 1540 928 ac
1566 887 1748 928 moribus

393 959 515 991 natus
553 949 873 1003 occupatissima
904 949 946 989 in
982 949 1147 990 civitate
1185 949 1251 990 vel
1287 949 1542 1004 privatorum
1571 949 1748 1004 negotiis

394 1027 526 1068 paene
563 1012 755 1053 omnibus
793 1011 858 1052 vel
890 1011 1000 1052 orbis
1032 1019 1164 1053 terrae
1200 1012 1489 1067 procuratione
1521 1026 1568 1052 ac
1600 1012 1749 1053 summi

392 1074 555 1129 imperii
579 1073 878 1128 gubernatione
905 1073 1113 1114 districtus
1154 1080 1311 1114 tantam
1336 1074 1420 1115 vim
1444 1089 1581 1115 rerum
1607 1074 1749 1129 cogni-

394 1137 630 1188 tionemque
674 1134 1035 1190 comprehenderis
1085 1150 1258 1188 eamque
1300 1151 1466 1176 omnem
1511 1151 1604 1176 cum
1646 1136 1747 1184 eius,

394 1198 463 1251 qui
489 1197 661 1238 consilio
687 1205 728 1237 et
752 1197 936 1237 oratione
970 1197 1011 1237 in
1037 1196 1200 1238 civitate
1231 1198 1385 1247 valcat,
1425 1198 1596 1238 scicntia
1627 1207 1749 1250 atquc

394 1259 687 1301 exercitatione
714 1259 903 1307 sociaris3
941 1259 999 1298 illi
1024 1259 1109 1299 nati
1134 1259 1176 1299 in
1202 1259 1347 1300 litteris
1384 1260 1658 1312 ardentesque
1685 1259 1748 1299 his

395 1322 555 1371 studiis,
581 1321 665 1363 otio
691 1336 788 1362 vero
815 1320 1065 1369 diffluentes,
1092 1336 1175 1361 non
1199 1322 1323 1362 modo
1348 1321 1449 1361 nihil
1471 1321 1748 1374 acquisierint,

396 1384 470 1425 scd
502 1400 553 1424 nc
584 1383 773 1424 relictum
810 1383 978 1436 quidem
1009 1390 1047 1423 ct
1081 1383 1277 1423 traditum
1301 1392 1342 1424 et
1373 1399 1494 1424 suum
1531 1398 1750 1424 conserva-

395 1446 553 1486 verint.’
615 1453 703 1486 tum
729 1444 911 1486 Crassus
945 1449 1047 1486 ‘non
1072 1445 1114 1485 in
1140 1445 1236 1485 hac'
1268 1445 1400 1498 inquit
1426 1450 1545 1494 ‘una,
1585 1445 1748 1493 Catule,

394 1523 457 1556 re,
495 1507 569 1547 scd
593 1507 634 1546 in
660 1507 750 1547 aliis
783 1507 906 1548 etiam
938 1507 1219 1562 compluribus
1252 1507 1539 1548 distributione
1571 1507 1748 1562 partium

395 1583 443 1610 ac
475 1569 734 1623 separatione
768 1569 1077 1623 magnitudines
1105 1577 1201 1609 sunt
1231 1569 1380 1609 artium
1417 1569 1660 1610 diminutae:
1698 1584 1749 1609 an

395 1640 438 1671 tu
475 1630 707 1679 existimas,
746 1644 838 1670 cum
877 1638 988 1671 esset
1024 1631 1305 1685 Hippocrates
1342 1632 1409 1671 ille
1448 1631 1581 1679 Cous,
1619 1631 1748 1672 fuisse

394 1701 480 1733 tum
518 1692 618 1733 alios
657 1692 858 1741 medicos,
902 1693 972 1745 qui
1008 1693 1183 1741 morbis,
1222 1693 1343 1742 alios,
1389 1694 1459 1746 qui
1496 1693 1746 1742 volneribus,

394 1755 515 1803 alios,
554 1754 623 1807 qui
653 1754 782 1795 oculis
815 1755 1102 1794 1nederentur?
1138 1770 1238 1794 num
1275 1755 1544 1809 geometriam
1573 1755 1747 1795 Euclide

395 1825 465 1858 aut
488 1816 762 1865 Archimede,
800 1832 899 1856 num
930 1817 1132 1856 musicam
1156 1817 1351 1858 Damone
1384 1825 1455 1858 aut
1478 1817 1746 1866 Aristoxeno,

394 1894 493 1919 num
518 1879 631 1933 ipsas
657 1879 815 1919 litteras
841 1879 1126 1934 Aristophane
1159 1888 1229 1920 aut
1255 1879 1513 1920 Callimacho
1545 1887 1745 1920 tractante

394 1948 479 1981 tam
510 1941 739 1995 discerptas
771 1940 920 1989 fuisse,
958 1950 1003 1981 ut
1037 1956 1158 1981 nemo
1196 1956 1328 1995 genus
1360 1941 1601 1981 universum
1638 1956 1748 1981 com-

393 2004 643 2058 plecteretur
679 2011 804 2057 atque
828 2011 874 2043 ut
899 2003 1002 2043 alius
1029 2003 1152 2043 aliam
1179 2003 1257 2043 sibi
1293 2012 1454 2057 partem
1484 2003 1527 2042 in
1558 2017 1640 2055 qua
1665 2003 1748 2043 ela-

396 2066 561 2106 boraret
598 2066 842 2120 seponeret?
879 2065 1072 2118 equidem
1110 2080 1234 2120 saepe
1272 2064 1351 2106 hoc
1382 2064 1520 2105 audivi
1550 2065 1600 2105 de
1632 2072 1747 2119 patre

393 2134 434 2168 et
458 2128 509 2168 de
536 2141 678 2168 socero
703 2142 809 2176 meo,
836 2135 1000 2168 nostros
1032 2141 1195 2179 quoque
1221 2127 1425 2175 homines,
1452 2127 1521 2180 qui
1547 2126 1748 2167 excellere

394 2189 621 2244 sapientiae
646 2188 779 2244 gloria
803 2189 975 2238 vellent,
1007 2189 1163 2238 onmia,
1203 2203 1308 2242 quae
1341 2189 1509 2242 quidem
1534 2196 1621 2228 tum
1646 2188 1747 2228 haee

393 2251 537 2293 civitas
575 2258 734 2301 nosset,
774 2252 917 2293 solitos
955 2267 1047 2292 esse
1085 2252 1314 2307 complecti.
1383 2251 1655 2292 meminerant
1689 2250 1748 2291 illi

396 2313 494 2355 Sex.
520 2314 707 2363 Aelium3
744 2314 821 2355 M’.
858 2330 956 2355 vero
987 2315 1211 2355 Manilium
1246 2330 1322 2356 nos
1361 2315 1484 2356 etiam
1510 2322 1745 2354 transverso

394 2377 571 2417 vidimus
610 2376 890 2418 ambulantem
926 2377 1035 2425 foro;
1075 2377 1185 2430 quod
1216 2384 1304 2418 erat
1332 2376 1495 2431 insigne
1527 2391 1640 2424 eum,
1677 2375 1747 2428 qui

394 2438 437 2478 id
455 2439 621 2488 faceret,
642 2439 779 2479 facere
799 2439 958 2479 civibus
980 2439 1065 2479 suis
1087 2439 1277 2480 omnibus
1300 2439 1458 2480 consilii
1480 2438 1542 2478 sui
1563 2438 1742 2492 copiam3

395 2500 448 2540 ad
473 2515 576 2553 quos
602 2501 700 2542 olim
725 2508 765 2541 et
788 2501 846 2541 ita
870 2501 1119 2542 ambulantis
1146 2508 1188 2541 et
1210 2501 1252 2542 in
1279 2501 1382 2542 solio
1416 2500 1597 2542 sedentis
1632 2498 1744 2538 domi

396 2561 454 2601 sic
479 2563 688 2611 adibatur,
725 2578 809 2603 non
835 2563 968 2604 solum
992 2570 1039 2603 ut
1064 2563 1114 2604 de
1138 2563 1226 2604 iure
1257 2563 1366 2603 civili
1391 2563 1443 2603 ad
1474 2577 1564 2610 eos,
1602 2576 1745 2601 verum

397 2623 519 2663 etiam
555 2624 605 2664 de
641 2625 726 2665 filia
761 2625 1033 2674 conlocanda,
1070 2625 1121 2665 de
1146 2625 1275 2665 fundo
1312 2624 1505 2672 emendo,
1546 2621 1615 2676 [de
1642 2636 1742 2676 agro

397 2684 606 2738 colendo.]
646 2686 696 2726 de
734 2686 846 2727 omni
884 2686 1061 2739 denique
1099 2693 1170 2726 aut
1205 2686 1341 2727 officio
1379 2692 1449 2725 aut
1483 2683 1650 2738 negotio
1679 2698 1745 2724 rc-
