<?xml version="1.0" encoding="UTF-8"?>
<!DOCTYPE html PUBLIC "-//W3C//DTD XHTML 1.0 Transitional//EN"
    "http://www.w3.org/TR/xhtml1/DTD/xhtml1-transitional.dtd">
<html xmlns="http://www.w3.org/1999/xhtml" xml:lang="en" lang="en">
 <head>
  <title>
</title>
<meta http-equiv="Content-Type" content="text/html;charset=utf-8" />
  <meta name='ocr-system' content='tesseract 3.04.00' />
  <meta name='ocr-capabilities' content='ocr_page ocr_carea ocr_par ocr_line ocrx_word'/>
</head>
<body>
  <div class='ocr_page' id='page_1' title='image "./operaquaesupers02ciceuoft/operaquaesupers02ciceuoft_0056.png"; bbox 0 0 1859 3069; ppageno 0'>
   <div class='ocr_carea' id='block_1_1' title="bbox 315 674 355 744">
    <p class='ocr_par' dir='ltr' id='par_1_1' title="bbox 315 674 355 744">
     <span class='ocr_line' id='line_1_1' title="bbox 315 674 355 706; baseline -0.025 0"><span class='ocrx_word' id='word_1_1' title='bbox 315 674 355 706; x_wconf 71' lang='lat'>91</span> 
     </span>
     <span class='ocr_line' id='line_1_2' title="bbox 320 721 353 744; baseline 0 0"><span class='ocrx_word' id='word_1_2' title='bbox 320 721 353 744; x_wconf 71' lang='lat'>94</span> 
     </span>
    </p>
   </div>
   <div class='ocr_carea' id='block_1_2' title="bbox 321 1432 354 1457">
    <p class='ocr_par' dir='ltr' id='par_1_2' title="bbox 321 1432 354 1457">
     <span class='ocr_line' id='line_1_3' title="bbox 321 1432 354 1457; baseline 0.03 -1"><span class='ocrx_word' id='word_1_3' title='bbox 321 1432 354 1457; x_wconf 79' lang='lat'>95</span> 
     </span>
    </p>
   </div>
   <div class='ocr_carea' id='block_1_3' title="bbox 323 2177 355 2201">
    <p class='ocr_par' dir='ltr' id='par_1_3' title="bbox 323 2177 355 2201">
     <span class='ocr_line' id='line_1_4' title="bbox 323 2177 355 2201; baseline 0 0"><span class='ocrx_word' id='word_1_4' title='bbox 323 2177 355 2201; x_wconf 76' lang='lat' dir='ltr'>9ss</span> 
     </span>
    </p>
   </div>
   <div class='ocr_carea' id='block_1_4' title="bbox 320 2669 353 2695">
    <p class='ocr_par' dir='ltr' id='par_1_4' title="bbox 320 2669 353 2695">
     <span class='ocr_line' id='line_1_5' title="bbox 320 2669 353 2695; baseline 0.03 -1"><span class='ocrx_word' id='word_1_5' title='bbox 320 2669 353 2695; x_wconf 80' lang='lat'>97</span> 
     </span>
    </p>
   </div>
   <div class='ocr_carea' id='block_1_5' title="bbox 383 210 1324 252">
    <p class='ocr_par' dir='ltr' id='par_1_5' title="bbox 383 210 1324 252">
     <span class='ocr_line' id='line_1_6' title="bbox 383 210 1324 252; baseline 0.001 -1"><span class='ocrx_word' id='word_1_6' title='bbox 383 210 438 251; x_wconf 80' lang='lat'>20</span> <span class='ocrx_word' id='word_1_7' title='bbox 787 217 836 252; x_wconf 85' lang='lat' dir='ltr'>M.</span> <span class='ocrx_word' id='word_1_8' title='bbox 863 217 1039 252; x_wconf 85' lang='lat' dir='ltr'>TULLII</span> <span class='ocrx_word' id='word_1_9' title='bbox 1065 216 1324 252; x_wconf 81' lang='lat' dir='ltr'>CICERONIS</span> 
     </span>
    </p>
   </div>
   <div class='ocr_carea' id='block_1_6' title="bbox 379 297 1729 2770">
    <p class='ocr_par' dir='ltr' id='par_1_6' title="bbox 379 297 1729 2151">
     <span class='ocr_line' id='line_1_7' title="bbox 383 297 1727 352; baseline -0.002 -11"><span class='ocrx_word' id='word_1_10' title='bbox 383 300 598 341; x_wconf 85' lang='lat' dir='ltr'>videbatur</span> <span class='ocrx_word' id='word_1_11' title='bbox 644 313 776 352; x_wconf 86' lang='lat' dir='ltr'>neque</span> <span class='ocrx_word' id='word_1_12' title='bbox 820 297 1034 338; x_wconf 81' lang='lat' dir='ltr'>artificium</span> <span class='ocrx_word' id='word_1_13' title='bbox 1081 297 1210 338; x_wconf 90' lang='lat' dir='ltr'>ullum</span> <span class='ocrx_word' id='word_1_14' title='bbox 1251 313 1343 339; x_wconf 88' lang='lat' dir='ltr'>esse</span> <span class='ocrx_word' id='word_1_15' title='bbox 1386 299 1546 340; x_wconf 89' lang='lat' dir='ltr'>dicendi</span> <span class='ocrx_word' id='word_1_16' title='bbox 1595 313 1727 352; x_wconf 87' lang='lat' dir='ltr'>neque</span> 
     </span>
     <span class='ocr_line' id='line_1_8' title="bbox 383 359 1727 415; baseline -0.001 -13"><span class='ocrx_word' id='word_1_17' title='bbox 383 376 631 415; x_wconf 86' lang='lat' dir='ltr'>quemquam</span> <span class='ocrx_word' id='word_1_18' title='bbox 655 375 797 415; x_wconf 80' lang='lat' dir='ltr'>posse,</span> <span class='ocrx_word' id='word_1_19' title='bbox 823 359 903 399; x_wconf 88' lang='lat' dir='ltr'>nisi</span> <span class='ocrx_word' id='word_1_20' title='bbox 927 359 996 412; x_wconf 85' lang='lat' dir='ltr'>qui</span> <span class='ocrx_word' id='word_1_21' title='bbox 1019 359 1107 407; x_wconf 85' lang='lat' dir='ltr'>illa,</span> <span class='ocrx_word' id='word_1_22' title='bbox 1145 374 1249 412; x_wconf 89' lang='lat' dir='ltr'>quae</span> <span class='ocrx_word' id='word_1_23' title='bbox 1274 375 1298 400; x_wconf 83' lang='lat' dir='ltr'>a</span> <span class='ocrx_word' id='word_1_24' title='bbox 1322 361 1570 402; x_wconf 81' lang='lat' dir='ltr'>doctissimis</span> <span class='ocrx_word' id='word_1_25' title='bbox 1596 361 1727 401; x_wconf 83' lang='lat' dir='ltr'>homi-</span> 
     </span>
     <span class='ocr_line' id='line_1_9' title="bbox 381 420 1727 476; baseline -0.001 -13"><span class='ocrx_word' id='word_1_26' title='bbox 381 424 503 463; x_wconf 90' lang='lat' dir='ltr'>nibus</span> <span class='ocrx_word' id='word_1_27' title='bbox 540 424 581 462; x_wconf 90' lang='grc'>111</span> <span class='ocrx_word' id='word_1_28' title='bbox 616 420 878 476; x_wconf 81' lang='lat' dir='ltr'>philosophia</span> <span class='ocrx_word' id='word_1_29' title='bbox 914 420 1163 469; x_wconf 72' lang='lat' dir='ltr'>dicerentur,</span> <span class='ocrx_word' id='word_1_30' title='bbox 1201 430 1439 476; x_wconf 82' lang='lat' dir='ltr'>cognosset,</span> <span class='ocrx_word' id='word_1_31' title='bbox 1477 432 1546 464; x_wconf 85' lang='lat' dir='ltr'>aut</span> <span class='ocrx_word' id='word_1_32' title='bbox 1582 423 1727 463; x_wconf 85' lang='lat' dir='ltr'>callide</span> 
     </span>
     <span class='ocr_line' id='line_1_10' title="bbox 383 481 1727 539; baseline -0.001 -13"><span class='ocrx_word' id='word_1_33' title='bbox 383 494 453 526; x_wconf 87' lang='lat' dir='ltr'>aut</span> <span class='ocrx_word' id='word_1_34' title='bbox 489 485 652 539; x_wconf 88' lang='lat' dir='ltr'>copiose</span> <span class='ocrx_word' id='word_1_35' title='bbox 690 483 843 531; x_wconf 84' lang='lat' dir='ltr'>dicere3</span> <span class='ocrx_word' id='word_1_36' title='bbox 879 481 923 522; x_wconf 91' lang='lat' dir='ltr'>in</span> <span class='ocrx_word' id='word_1_37' title='bbox 959 483 1106 535; x_wconf 87' lang='lat' dir='ltr'>quibus</span> <span class='ocrx_word' id='word_1_38' title='bbox 1134 482 1390 525; x_wconf 81' lang='lat' dir='ltr'>Charmadas</span> <span class='ocrx_word' id='word_1_39' title='bbox 1429 485 1588 526; x_wconf 81' lang='lat' dir='ltr'>solebat</span> <span class='ocrx_word' id='word_1_40' title='bbox 1612 485 1727 539; x_wconf 77' lang='lat' dir='ltr'>inge-</span> 
     </span>
     <span class='ocr_line' id='line_1_11' title="bbox 381 543 1727 601; baseline 0 -14"><span class='ocrx_word' id='word_1_41' title='bbox 381 547 494 587; x_wconf 84' lang='lat' dir='ltr'>nium</span> <span class='ocrx_word' id='word_1_42' title='bbox 527 556 659 594; x_wconf 85' lang='lat' dir='ltr'>tuum,</span> <span class='ocrx_word' id='word_1_43' title='bbox 693 543 866 593; x_wconf 84' lang='lat' dir='ltr'>Crasse,</span> <span class='ocrx_word' id='word_1_44' title='bbox 904 545 1169 585; x_wconf 81' lang='lat' dir='ltr'>vehementer</span> <span class='ocrx_word' id='word_1_45' title='bbox 1194 545 1404 586; x_wconf 87' lang='lat' dir='ltr'>admirari:</span> <span class='ocrx_word' id='word_1_46' title='bbox 1441 562 1506 587; x_wconf 88' lang='lat' dir='ltr'>me</span> <span class='ocrx_word' id='word_1_47' title='bbox 1533 547 1611 587; x_wconf 86' lang='lat' dir='ltr'>sibi</span> <span class='ocrx_word' id='word_1_48' title='bbox 1635 562 1727 601; x_wconf 84' lang='lat' dir='ltr'>per-</span> 
     </span>
     <span class='ocr_line' id='line_1_12' title="bbox 382 607 1725 663; baseline 0 -14"><span class='ocrx_word' id='word_1_49' title='bbox 382 610 544 649; x_wconf 86' lang='lat' dir='ltr'>facilem</span> <span class='ocrx_word' id='word_1_50' title='bbox 568 608 609 647; x_wconf 92' lang='lat' dir='ltr'>in</span> <span class='ocrx_word' id='word_1_51' title='bbox 635 607 857 656; x_wconf 87' lang='lat' dir='ltr'>audiendo,</span> <span class='ocrx_word' id='word_1_52' title='bbox 895 614 934 647; x_wconf 87' lang='lat' dir='ltr'>te</span> <span class='ocrx_word' id='word_1_53' title='bbox 958 621 1265 662; x_wconf 78' lang='lat' dir='ltr'>perpugnacem</span> <span class='ocrx_word' id='word_1_54' title='bbox 1289 608 1331 648; x_wconf 91' lang='lat' dir='ltr'>in</span> <span class='ocrx_word' id='word_1_55' title='bbox 1356 608 1603 663; x_wconf 85' lang='lat' dir='ltr'>disputando</span> <span class='ocrx_word' id='word_1_56' title='bbox 1634 624 1725 649; x_wconf 90' lang='lat' dir='ltr'>esse</span> 
     </span>
     <span class='ocr_line' id='line_1_13' title="bbox 382 669 1727 725; baseline 0 -14"><span class='ocrx_word' id='word_1_57' title='bbox 382 671 528 711; x_wconf 63' lang='lat' dir='ltr'>visum.</span> <span class='ocrx_word' id='word_1_58' title='bbox 587 669 726 722; x_wconf 85' lang='lat' dir='ltr'>itaque</span> <span class='ocrx_word' id='word_1_59' title='bbox 751 684 829 724; x_wconf 80' lang='lat' dir='ltr'>ego</span> <span class='ocrx_word' id='word_1_60' title='bbox 854 669 932 709; x_wconf 87' lang='lat' dir='ltr'>hac</span> <span class='ocrx_word' id='word_1_61' title='bbox 956 670 1101 710; x_wconf 90' lang='lat' dir='ltr'>eadem</span> <span class='ocrx_word' id='word_1_62' title='bbox 1138 669 1330 724; x_wconf 87' lang='lat' dir='ltr'>opinione</span> <span class='ocrx_word' id='word_1_63' title='bbox 1356 671 1555 710; x_wconf 89' lang='lat' dir='ltr'>adductus</span> <span class='ocrx_word' id='word_1_64' title='bbox 1582 670 1727 725; x_wconf 87' lang='lat' dir='ltr'>scripsi</span> 
     </span>
     <span class='ocr_line' id='line_1_14' title="bbox 382 731 1726 787; baseline -0.001 -14"><span class='ocrx_word' id='word_1_65' title='bbox 382 733 503 774; x_wconf 88' lang='lat' dir='ltr'>etiam</span> <span class='ocrx_word' id='word_1_66' title='bbox 528 731 630 772; x_wconf 92' lang='lat' dir='ltr'>illud</span> <span class='ocrx_word' id='word_1_67' title='bbox 649 732 827 784; x_wconf 87' lang='lat' dir='ltr'>quodam</span> <span class='ocrx_word' id='word_1_68' title='bbox 851 731 893 771; x_wconf 90' lang='lat' dir='ltr'>in</span> <span class='ocrx_word' id='word_1_69' title='bbox 911 731 1062 781; x_wconf 91' lang='lat' dir='ltr'>libello,</span> <span class='ocrx_word' id='word_1_70' title='bbox 1090 732 1159 785; x_wconf 90' lang='lat' dir='ltr'>qui</span> <span class='ocrx_word' id='word_1_71' title='bbox 1178 747 1243 772; x_wconf 89' lang='lat' dir='ltr'>me</span> <span class='ocrx_word' id='word_1_72' title='bbox 1262 732 1520 787; x_wconf 82' lang='lat' dir='ltr'>imprudente</span> <span class='ocrx_word' id='word_1_73' title='bbox 1540 740 1581 773; x_wconf 87' lang='lat' dir='ltr'>et</span> <span class='ocrx_word' id='word_1_74' title='bbox 1598 732 1726 773; x_wconf 83' lang='lat' dir='ltr'>invito</span> 
     </span>
     <span class='ocr_line' id='line_1_15' title="bbox 382 793 1727 849; baseline 0 -15"><span class='ocrx_word' id='word_1_75' title='bbox 382 794 534 835; x_wconf 81' lang='lat' dir='ltr'>excidit</span> <span class='ocrx_word' id='word_1_76' title='bbox 558 801 598 834; x_wconf 91' lang='lat' dir='ltr'>et</span> <span class='ocrx_word' id='word_1_77' title='bbox 621 793 809 848; x_wconf 86' lang='lat' dir='ltr'>pervenit</span> <span class='ocrx_word' id='word_1_78' title='bbox 832 793 874 833; x_wconf 92' lang='lat' dir='ltr'>in</span> <span class='ocrx_word' id='word_1_79' title='bbox 898 809 1044 834; x_wconf 86' lang='lat' dir='ltr'>manus</span> <span class='ocrx_word' id='word_1_80' title='bbox 1071 794 1296 843; x_wconf 84' lang='lat' dir='ltr'>hominum,</span> <span class='ocrx_word' id='word_1_81' title='bbox 1324 795 1498 835; x_wconf 87' lang='lat' dir='ltr'>disertos</span> <span class='ocrx_word' id='word_1_82' title='bbox 1525 808 1727 849; x_wconf 81' lang='lat' dir='ltr'>cognosse</span> 
     </span>
     <span class='ocr_line' id='line_1_16' title="bbox 380 855 1729 910; baseline 0.001 -14"><span class='ocrx_word' id='word_1_83' title='bbox 380 871 446 897; x_wconf 87' lang='lat' dir='ltr'>me</span> <span class='ocrx_word' id='word_1_84' title='bbox 483 855 723 905; x_wconf 86' lang='lat' dir='ltr'>nonnullos,</span> <span class='ocrx_word' id='word_1_85' title='bbox 762 855 1023 909; x_wconf 84' lang='lat' dir='ltr'>eloquentem</span> <span class='ocrx_word' id='word_1_86' title='bbox 1060 856 1195 896; x_wconf 87' lang='lat' dir='ltr'>adhue</span> <span class='ocrx_word' id='word_1_87' title='bbox 1230 856 1456 905; x_wconf 87' lang='lat' dir='ltr'>neminem,</span> <span class='ocrx_word' id='word_1_88' title='bbox 1495 857 1605 910; x_wconf 86' lang='lat' dir='ltr'>quod</span> <span class='ocrx_word' id='word_1_89' title='bbox 1635 871 1729 897; x_wconf 88' lang='lat' dir='ltr'>eum</span> 
     </span>
     <span class='ocr_line' id='line_1_17' title="bbox 382 917 1727 972; baseline 0 -14"><span class='ocrx_word' id='word_1_90' title='bbox 382 919 614 959; x_wconf 83' lang='lat' dir='ltr'>statuebam</span> <span class='ocrx_word' id='word_1_91' title='bbox 639 918 850 966; x_wconf 90' lang='lat' dir='ltr'>disertum,</span> <span class='ocrx_word' id='word_1_92' title='bbox 876 917 945 970; x_wconf 88' lang='lat' dir='ltr'>qui</span> <span class='ocrx_word' id='word_1_93' title='bbox 968 925 1111 972; x_wconf 89' lang='lat' dir='ltr'>posset</span> <span class='ocrx_word' id='word_1_94' title='bbox 1136 918 1234 959; x_wconf 89' lang='lat' dir='ltr'>satis</span> <span class='ocrx_word' id='word_1_95' title='bbox 1262 926 1378 959; x_wconf 88' lang='lat' dir='ltr'>acute</span> <span class='ocrx_word' id='word_1_96' title='bbox 1405 927 1525 972; x_wconf 76' lang='lat' dir='ltr'>atque</span> <span class='ocrx_word' id='word_1_97' title='bbox 1552 919 1727 959; x_wconf 84' lang='lat' dir='ltr'>dilucide</span> 
     </span>
     <span class='ocr_line' id='line_1_18' title="bbox 382 979 1726 1035; baseline 0.001 -15"><span class='ocrx_word' id='word_1_98' title='bbox 382 981 494 1035; x_wconf 88' lang='lat' dir='ltr'>apud</span> <span class='ocrx_word' id='word_1_99' title='bbox 527 980 746 1020; x_wconf 87' lang='lat' dir='ltr'>mediocris</span> <span class='ocrx_word' id='word_1_100' title='bbox 785 979 972 1022; x_wconf 89' lang='lat' dir='ltr'>homines</span> <span class='ocrx_word' id='word_1_101' title='bbox 1011 995 1063 1021; x_wconf 87' lang='lat' dir='ltr'>ex</span> <span class='ocrx_word' id='word_1_102' title='bbox 1094 981 1302 1021; x_wconf 85' lang='lat' dir='ltr'>communi</span> <span class='ocrx_word' id='word_1_103' title='bbox 1333 982 1509 1034; x_wconf 87' lang='lat' dir='ltr'>quadam</span> <span class='ocrx_word' id='word_1_104' title='bbox 1535 981 1726 1035; x_wconf 88' lang='lat' dir='ltr'>opinione</span> 
     </span>
     <span class='ocr_line' id='line_1_19' title="bbox 381 1042 1728 1095; baseline 0 -13"><span class='ocrx_word' id='word_1_105' title='bbox 381 1042 595 1083; x_wconf 86' lang='lat' dir='ltr'>hominum</span> <span class='ocrx_word' id='word_1_106' title='bbox 636 1042 790 1091; x_wconf 86' lang='lat' dir='ltr'>dicere,</span> <span class='ocrx_word' id='word_1_107' title='bbox 842 1042 1102 1095; x_wconf 85' lang='lat' dir='ltr'>eloquentem</span> <span class='ocrx_word' id='word_1_108' title='bbox 1143 1057 1260 1092; x_wconf 72' lang='lat' dir='ltr'>vero,</span> <span class='ocrx_word' id='word_1_109' title='bbox 1310 1043 1378 1095; x_wconf 87' lang='lat' dir='ltr'>qui</span> <span class='ocrx_word' id='word_1_110' title='bbox 1419 1043 1644 1082; x_wconf 85' lang='lat' dir='ltr'>mirabilius</span> <span class='ocrx_word' id='word_1_111' title='bbox 1688 1051 1728 1082; x_wconf 83' lang='lat' dir='ltr'>et</span> 
     </span>
     <span class='ocr_line' id='line_1_20' title="bbox 382 1104 1725 1159; baseline 0 -15"><span class='ocrx_word' id='word_1_112' title='bbox 382 1104 710 1159; x_wconf 84' lang='lat' dir='ltr'>magnificentius</span> <span class='ocrx_word' id='word_1_113' title='bbox 748 1119 897 1159; x_wconf 81' lang='lat' dir='ltr'>augere</span> <span class='ocrx_word' id='word_1_114' title='bbox 931 1111 1076 1159; x_wconf 84' lang='lat' dir='ltr'>posset</span> <span class='ocrx_word' id='word_1_115' title='bbox 1113 1112 1234 1157; x_wconf 85' lang='lat' dir='ltr'>atque</span> <span class='ocrx_word' id='word_1_116' title='bbox 1270 1120 1415 1145; x_wconf 88' lang='lat' dir='ltr'>ornare</span> <span class='ocrx_word' id='word_1_117' title='bbox 1454 1119 1557 1157; x_wconf 88' lang='lat' dir='ltr'>quae</span> <span class='ocrx_word' id='word_1_118' title='bbox 1589 1104 1725 1153; x_wconf 83' lang='lat' dir='ltr'>vellet,</span> 
     </span>
     <span class='ocr_line' id='line_1_21' title="bbox 382 1166 1726 1222; baseline 0 -16"><span class='ocrx_word' id='word_1_119' title='bbox 382 1167 596 1219; x_wconf 86' lang='lat' dir='ltr'>omnisque</span> <span class='ocrx_word' id='word_1_120' title='bbox 622 1166 805 1207; x_wconf 90' lang='lat' dir='ltr'>omnium</span> <span class='ocrx_word' id='word_1_121' title='bbox 828 1181 983 1215; x_wconf 85' lang='lat' dir='ltr'>rerum,</span> <span class='ocrx_word' id='word_1_122' title='bbox 1010 1181 1114 1220; x_wconf 88' lang='lat' dir='ltr'>quae</span> <span class='ocrx_word' id='word_1_123' title='bbox 1141 1167 1193 1207; x_wconf 90' lang='lat' dir='ltr'>ad</span> <span class='ocrx_word' id='word_1_124' title='bbox 1218 1167 1438 1208; x_wconf 89' lang='lat' dir='ltr'>dicendum</span> <span class='ocrx_word' id='word_1_125' title='bbox 1461 1167 1726 1222; x_wconf 83' lang='lat' dir='ltr'>pertinerent,</span> 
     </span>
     <span class='ocr_line' id='line_1_22' title="bbox 382 1228 1726 1270; baseline 0.001 -2"><span class='ocrx_word' id='word_1_126' title='bbox 382 1229 507 1269; x_wconf 89' lang='lat' dir='ltr'>fontis</span> <span class='ocrx_word' id='word_1_127' title='bbox 545 1228 680 1269; x_wconf 88' lang='lat' dir='ltr'>animo</span> <span class='ocrx_word' id='word_1_128' title='bbox 719 1243 766 1269; x_wconf 88' lang='lat' dir='ltr'>ao</span> <span class='ocrx_word' id='word_1_129' title='bbox 800 1229 999 1270; x_wconf 87' lang='lat' dir='ltr'>memoria</span> <span class='ocrx_word' id='word_1_130' title='bbox 1035 1229 1275 1270; x_wconf 85' lang='lat' dir='ltr'>contineret.</span> <span class='ocrx_word' id='word_1_131' title='bbox 1334 1229 1377 1270; x_wconf 91' lang='lat' dir='ltr'>id</span> <span class='ocrx_word' id='word_1_132' title='bbox 1408 1230 1441 1270; x_wconf 88' lang='lat' dir='ltr'>si</span> <span class='ocrx_word' id='word_1_133' title='bbox 1472 1237 1535 1270; x_wconf 86' lang='lat' dir='ltr'>est</span> <span class='ocrx_word' id='word_1_134' title='bbox 1560 1229 1726 1270; x_wconf 85' lang='lat' dir='ltr'>difficile</span> 
     </span>
     <span class='ocr_line' id='line_1_23' title="bbox 381 1291 1725 1346; baseline 0 -16"><span class='ocrx_word' id='word_1_135' title='bbox 381 1291 520 1339; x_wconf 88' lang='lat' dir='ltr'>nobis,</span> <span class='ocrx_word' id='word_1_136' title='bbox 558 1291 668 1344; x_wconf 84' lang='lat' dir='ltr'>quod</span> <span class='ocrx_word' id='word_1_137' title='bbox 704 1298 815 1340; x_wconf 88' lang='lat' dir='ltr'>ante,</span> <span class='ocrx_word' id='word_1_138' title='bbox 854 1305 977 1344; x_wconf 90' lang='lat' dir='ltr'>quam</span> <span class='ocrx_word' id='word_1_139' title='bbox 1008 1291 1061 1332; x_wconf 88' lang='lat' dir='ltr'>ad</span> <span class='ocrx_word' id='word_1_140' title='bbox 1094 1291 1336 1332; x_wconf 89' lang='lat' dir='ltr'>discendum</span> <span class='ocrx_word' id='word_1_141' title='bbox 1366 1291 1543 1346; x_wconf 75' lang='lat' dir='ltr'>ingressi</span> <span class='ocrx_word' id='word_1_142' title='bbox 1570 1306 1725 1340; x_wconf 87' lang='lat' dir='ltr'>sumus,</span> 
     </span>
     <span class='ocr_line' id='line_1_24' title="bbox 383 1353 1727 1408; baseline 0.001 -15"><span class='ocrx_word' id='word_1_143' title='bbox 383 1353 592 1394; x_wconf 86' lang='lat' dir='ltr'>obruimur</span> <span class='ocrx_word' id='word_1_144' title='bbox 624 1353 846 1394; x_wconf 85' lang='lat' dir='ltr'>ambitione</span> <span class='ocrx_word' id='word_1_145' title='bbox 871 1362 911 1394; x_wconf 92' lang='lat' dir='ltr'>et</span> <span class='ocrx_word' id='word_1_146' title='bbox 936 1354 1045 1403; x_wconf 88' lang='lat' dir='ltr'>foro,</span> <span class='ocrx_word' id='word_1_147' title='bbox 1084 1353 1136 1393; x_wconf 88' lang='lat' dir='ltr'>sit</span> <span class='ocrx_word' id='word_1_148' title='bbox 1166 1361 1304 1394; x_wconf 87' lang='lat' dir='ltr'>tamen</span> <span class='ocrx_word' id='word_1_149' title='bbox 1328 1354 1370 1393; x_wconf 91' lang='lat' dir='ltr'>in</span> <span class='ocrx_word' id='word_1_150' title='bbox 1393 1369 1437 1394; x_wconf 88' lang='lat' dir='ltr'>re</span> <span class='ocrx_word' id='word_1_151' title='bbox 1462 1354 1642 1408; x_wconf 88' lang='lat' dir='ltr'>positum</span> <span class='ocrx_word' id='word_1_152' title='bbox 1667 1361 1727 1394; x_wconf 89' lang='lat' dir='ltr'>at-</span> 
     </span>
     <span class='ocr_line' id='line_1_25' title="bbox 385 1415 1728 1470; baseline 0.001 -16"><span class='ocrx_word' id='word_1_153' title='bbox 385 1430 463 1468; x_wconf 86' lang='lat' dir='ltr'>que</span> <span class='ocrx_word' id='word_1_154' title='bbox 504 1422 668 1456; x_wconf 86' lang='lat' dir='ltr'>natura:</span> <span class='ocrx_word' id='word_1_155' title='bbox 717 1431 794 1470; x_wconf 84' lang='lat' dir='ltr'>ego</span> <span class='ocrx_word' id='word_1_156' title='bbox 844 1415 971 1464; x_wconf 89' lang='lat' dir='ltr'>enim,</span> <span class='ocrx_word' id='word_1_157' title='bbox 1021 1423 1220 1468; x_wconf 85' lang='lat' dir='ltr'>quantum</span> <span class='ocrx_word' id='word_1_158' title='bbox 1269 1430 1446 1470; x_wconf 82' lang='lat' dir='ltr'>auguror</span> <span class='ocrx_word' id='word_1_159' title='bbox 1494 1415 1728 1456; x_wconf 83' lang='lat' dir='ltr'>coniectura</span> 
     </span>
     <span class='ocr_line' id='line_1_26' title="bbox 383 1477 1727 1532; baseline 0.001 -16"><span class='ocrx_word' id='word_1_160' title='bbox 383 1484 614 1530; x_wconf 84' lang='lat' dir='ltr'>quantaque</span> <span class='ocrx_word' id='word_1_161' title='bbox 640 1477 806 1532; x_wconf 79' lang='lat' dir='ltr'>ingenia</span> <span class='ocrx_word' id='word_1_162' title='bbox 830 1477 872 1517; x_wconf 90' lang='lat' dir='ltr'>in</span> <span class='ocrx_word' id='word_1_163' title='bbox 896 1477 1047 1517; x_wconf 88' lang='lat' dir='ltr'>nostris</span> <span class='ocrx_word' id='word_1_164' title='bbox 1086 1477 1320 1518; x_wconf 89' lang='lat' dir='ltr'>hominibus</span> <span class='ocrx_word' id='word_1_165' title='bbox 1347 1492 1438 1518; x_wconf 89' lang='lat' dir='ltr'>esse</span> <span class='ocrx_word' id='word_1_166' title='bbox 1469 1477 1608 1526; x_wconf 71' lang='lat' dir='ltr'>video,</span> <span class='ocrx_word' id='word_1_167' title='bbox 1643 1492 1727 1517; x_wconf 90' lang='lat' dir='ltr'>non</span> 
     </span>
     <span class='ocr_line' id='line_1_27' title="bbox 383 1538 1727 1593; baseline 0.001 -15"><span class='ocrx_word' id='word_1_168' title='bbox 383 1539 556 1593; x_wconf 88' lang='lat' dir='ltr'>despero</span> <span class='ocrx_word' id='word_1_169' title='bbox 594 1539 681 1580; x_wconf 85' lang='lat' dir='ltr'>fore</span> <span class='ocrx_word' id='word_1_170' title='bbox 713 1538 891 1592; x_wconf 87' lang='lat' dir='ltr'>aliquem</span> <span class='ocrx_word' id='word_1_171' title='bbox 928 1539 1167 1592; x_wconf 85' lang='lat' dir='ltr'>aliquando,</span> <span class='ocrx_word' id='word_1_172' title='bbox 1206 1538 1273 1592; x_wconf 77' lang='lat' dir='ltr'>qui</span> <span class='ocrx_word' id='word_1_173' title='bbox 1309 1546 1350 1579; x_wconf 87' lang='lat' dir='ltr'>et</span> <span class='ocrx_word' id='word_1_174' title='bbox 1386 1539 1520 1579; x_wconf 90' lang='lat' dir='ltr'>studio</span> <span class='ocrx_word' id='word_1_175' title='bbox 1558 1539 1727 1588; x_wconf 85' lang='lat' dir='ltr'>acriore,</span> 
     </span>
     <span class='ocr_line' id='line_1_28' title="bbox 384 1600 1727 1654; baseline 0 -14"><span class='ocrx_word' id='word_1_176' title='bbox 384 1615 506 1654; x_wconf 89' lang='lat' dir='ltr'>quam</span> <span class='ocrx_word' id='word_1_177' title='bbox 531 1616 606 1642; x_wconf 91' lang='lat' dir='ltr'>nos</span> <span class='ocrx_word' id='word_1_178' title='bbox 639 1617 779 1642; x_wconf 90' lang='lat' dir='ltr'>sumus</span> <span class='ocrx_word' id='word_1_179' title='bbox 811 1610 933 1654; x_wconf 86' lang='lat' dir='ltr'>atque</span> <span class='ocrx_word' id='word_1_180' title='bbox 964 1601 1136 1649; x_wconf 87' lang='lat' dir='ltr'>fuimus,</span> <span class='ocrx_word' id='word_1_181' title='bbox 1175 1608 1215 1641; x_wconf 83' lang='lat' dir='ltr'>et</span> <span class='ocrx_word' id='word_1_182' title='bbox 1239 1600 1321 1642; x_wconf 90' lang='lat' dir='ltr'>otio</span> <span class='ocrx_word' id='word_1_183' title='bbox 1347 1615 1395 1641; x_wconf 81' lang='lat' dir='ltr'>ao</span> <span class='ocrx_word' id='word_1_184' title='bbox 1424 1601 1618 1642; x_wconf 85' lang='lat' dir='ltr'>facultate</span> <span class='ocrx_word' id='word_1_185' title='bbox 1644 1601 1727 1641; x_wconf 90' lang='lat' dir='ltr'>dis-</span> 
     </span>
     <span class='ocr_line' id='line_1_29' title="bbox 384 1662 1726 1715; baseline 0 -12"><span class='ocrx_word' id='word_1_186' title='bbox 384 1662 503 1703; x_wconf 84' lang='lat' dir='ltr'>cendi</span> <span class='ocrx_word' id='word_1_187' title='bbox 537 1662 691 1703; x_wconf 88' lang='lat' dir='ltr'>maiore</span> <span class='ocrx_word' id='word_1_188' title='bbox 728 1677 775 1703; x_wconf 87' lang='lat' dir='ltr'>ae</span> <span class='ocrx_word' id='word_1_189' title='bbox 810 1663 1030 1704; x_wconf 82' lang='lat' dir='ltr'>maturiore</span> <span class='ocrx_word' id='word_1_190' title='bbox 1056 1671 1097 1704; x_wconf 92' lang='lat' dir='ltr'>et</span> <span class='ocrx_word' id='word_1_191' title='bbox 1120 1663 1259 1703; x_wconf 88' lang='lat' dir='ltr'>labore</span> <span class='ocrx_word' id='word_1_192' title='bbox 1285 1670 1406 1715; x_wconf 88' lang='lat' dir='ltr'>atque</span> <span class='ocrx_word' id='word_1_193' title='bbox 1431 1662 1633 1703; x_wconf 82' lang='lat' dir='ltr'>industria</span> <span class='ocrx_word' id='word_1_194' title='bbox 1659 1678 1726 1703; x_wconf 92' lang='lat' dir='ltr'>su-</span> 
     </span>
     <span class='ocr_line' id='line_1_30' title="bbox 381 1724 1725 1779; baseline 0 -15"><span class='ocrx_word' id='word_1_195' title='bbox 381 1724 560 1779; x_wconf 87' lang='lat' dir='ltr'>periore,</span> <span class='ocrx_word' id='word_1_196' title='bbox 600 1739 694 1765; x_wconf 89' lang='lat' dir='ltr'>cum</span> <span class='ocrx_word' id='word_1_197' title='bbox 730 1740 773 1765; x_wconf 93' lang='lat' dir='ltr'>se</span> <span class='ocrx_word' id='word_1_198' title='bbox 812 1725 864 1765; x_wconf 89' lang='lat' dir='ltr'>ad</span> <span class='ocrx_word' id='word_1_199' title='bbox 901 1725 1149 1766; x_wconf 87' lang='lat' dir='ltr'>audiendum</span> <span class='ocrx_word' id='word_1_200' title='bbox 1184 1724 1405 1779; x_wconf 85' lang='lat' dir='ltr'>legendum</span> <span class='ocrx_word' id='word_1_201' title='bbox 1445 1725 1725 1765; x_wconf 87' lang='lat' dir='ltr'>scribendum-</span> 
     </span>
     <span class='ocr_line' id='line_1_31' title="bbox 381 1786 1725 1839; baseline 0.001 -13"><span class='ocrx_word' id='word_1_202' title='bbox 381 1800 460 1839; x_wconf 91' lang='lat' dir='ltr'>que</span> <span class='ocrx_word' id='word_1_203' title='bbox 503 1786 677 1836; x_wconf 88' lang='lat' dir='ltr'>dederit,</span> <span class='ocrx_word' id='word_1_204' title='bbox 721 1787 893 1828; x_wconf 83' lang='lat' dir='ltr'>exsistat</span> <span class='ocrx_word' id='word_1_205' title='bbox 935 1787 1027 1828; x_wconf 88' lang='lat' dir='ltr'>talis</span> <span class='ocrx_word' id='word_1_206' title='bbox 1069 1794 1222 1835; x_wconf 85' lang='lat' dir='ltr'>orator,</span> <span class='ocrx_word' id='word_1_207' title='bbox 1272 1787 1434 1839; x_wconf 90' lang='lat' dir='ltr'>qualem</span> <span class='ocrx_word' id='word_1_208' title='bbox 1476 1787 1725 1839; x_wconf 76' lang='lat' dir='ltr'>quaerim11S‚</span> 
     </span>
     <span class='ocr_line' id='line_1_32' title="bbox 381 1848 1722 1901; baseline 0.001 -14"><span class='ocrx_word' id='word_1_209' title='bbox 381 1848 451 1901; x_wconf 87' lang='lat' dir='ltr'>qui</span> <span class='ocrx_word' id='word_1_210' title='bbox 486 1848 573 1889; x_wconf 87' lang='lat' dir='ltr'>iure</span> <span class='ocrx_word' id='word_1_211' title='bbox 609 1863 693 1889; x_wconf 90' lang='lat' dir='ltr'>non</span> <span class='ocrx_word' id='word_1_212' title='bbox 730 1849 863 1890; x_wconf 88' lang='lat' dir='ltr'>solum</span> <span class='ocrx_word' id='word_1_213' title='bbox 900 1849 1095 1898; x_wconf 85' lang='lat' dir='ltr'>disertus,</span> <span class='ocrx_word' id='word_1_214' title='bbox 1140 1848 1213 1889; x_wconf 89' lang='lat' dir='ltr'>sed</span> <span class='ocrx_word' id='word_1_215' title='bbox 1249 1849 1373 1889; x_wconf 90' lang='lat' dir='ltr'>etiam</span> <span class='ocrx_word' id='word_1_216' title='bbox 1410 1849 1606 1901; x_wconf 84' lang='lat' dir='ltr'>eloquens</span> <span class='ocrx_word' id='word_1_217' title='bbox 1645 1849 1722 1889; x_wconf 88' lang='lat' dir='ltr'>dici</span> 
     </span>
     <span class='ocr_line' id='line_1_33' title="bbox 380 1909 1725 1964; baseline 0 -14"><span class='ocrx_word' id='word_1_218' title='bbox 380 1910 531 1964; x_wconf 83' lang='lat' dir='ltr'>possit;</span> <span class='ocrx_word' id='word_1_219' title='bbox 569 1910 638 1963; x_wconf 89' lang='lat' dir='ltr'>qui</span> <span class='ocrx_word' id='word_1_220' title='bbox 668 1918 807 1952; x_wconf 86' lang='lat' dir='ltr'>tamen</span> <span class='ocrx_word' id='word_1_221' title='bbox 837 1927 931 1952; x_wconf 83' lang='lat' dir='ltr'>mea,</span> <span class='ocrx_word' id='word_1_222' title='bbox 966 1910 1168 1951; x_wconf 87' lang='lat' dir='ltr'>sententia</span> <span class='ocrx_word' id='word_1_223' title='bbox 1205 1918 1274 1951; x_wconf 83' lang='lat' dir='ltr'>aut</span> <span class='ocrx_word' id='word_1_224' title='bbox 1309 1910 1375 1951; x_wconf 91' lang='grc'><strong>1116</strong></span> <span class='ocrx_word' id='word_1_225' title='bbox 1405 1919 1468 1951; x_wconf 85' lang='grc'>651</span> <span class='ocrx_word' id='word_1_226' title='bbox 1492 1910 1573 1950; x_wconf 89' lang='lat' dir='ltr'>iam</span> <span class='ocrx_word' id='word_1_227' title='bbox 1600 1909 1725 1951; x_wconf 85' lang='lat' dir='ltr'>Cras-</span> 
     </span>
     <span class='ocr_line' id='line_1_34' title="bbox 383 1972 1726 2028; baseline 0 -16"><span class='ocrx_word' id='word_1_228' title='bbox 383 1987 452 2013; x_wconf 92' lang='lat' dir='ltr'>sus</span> <span class='ocrx_word' id='word_1_229' title='bbox 479 1980 566 2022; x_wconf 88' lang='lat' dir='ltr'>aut,</span> <span class='ocrx_word' id='word_1_230' title='bbox 607 1973 641 2014; x_wconf 87' lang='lat' dir='ltr'>si</span> <span class='ocrx_word' id='word_1_231' title='bbox 666 1973 756 2026; x_wconf 89' lang='lat' dir='ltr'>quis</span> <span class='ocrx_word' id='word_1_232' title='bbox 793 1974 882 2028; x_wconf 87' lang='lat' dir='ltr'>pari</span> <span class='ocrx_word' id='word_1_233' title='bbox 917 1973 1040 2014; x_wconf 81' lang='lat' dir='ltr'>fuerit</span> <span class='ocrx_word' id='word_1_234' title='bbox 1075 1972 1240 2027; x_wconf 79' lang='lat' dir='ltr'>ingenio</span> <span class='ocrx_word' id='word_1_235' title='bbox 1276 1972 1473 2027; x_wconf 85' lang='lat' dir='ltr'>pluraque</span> <span class='ocrx_word' id='word_1_236' title='bbox 1513 1987 1635 2025; x_wconf 88' lang='lat' dir='ltr'>quam</span> <span class='ocrx_word' id='word_1_237' title='bbox 1659 1972 1726 2013; x_wconf 92' lang='grc'><strong>1116</strong></span> 
     </span>
     <span class='ocr_line' id='line_1_35' title="bbox 381 2034 1726 2089; baseline 0 -15"><span class='ocrx_word' id='word_1_238' title='bbox 381 2041 422 2075; x_wconf 84' lang='grc'>61</span> <span class='ocrx_word' id='word_1_239' title='bbox 447 2034 620 2075; x_wconf 88' lang='lat' dir='ltr'>audierit</span> <span class='ocrx_word' id='word_1_240' title='bbox 646 2043 686 2076; x_wconf 89' lang='lat' dir='ltr'>et</span> <span class='ocrx_word' id='word_1_241' title='bbox 708 2035 900 2076; x_wconf 76' lang='lat' dir='ltr'>lectitarit,</span> <span class='ocrx_word' id='word_1_242' title='bbox 924 2042 965 2076; x_wconf 88' lang='lat' dir='ltr'>et</span> <span class='ocrx_word' id='word_1_243' title='bbox 990 2034 1216 2089; x_wconf 85' lang='lat' dir='ltr'>scripserit,</span> <span class='ocrx_word' id='word_1_244' title='bbox 1252 2035 1421 2089; x_wconf 87' lang='lat' dir='ltr'>paulum</span> <span class='ocrx_word' id='word_1_245' title='bbox 1451 2034 1546 2074; x_wconf 87' lang='lat' dir='ltr'>huie</span> <span class='ocrx_word' id='word_1_246' title='bbox 1572 2034 1726 2087; x_wconf 86' lang='lat' dir='ltr'>aliquid</span> 
     </span>
     <span class='ocr_line' id='line_1_36' title="bbox 379 2096 732 2151; baseline 0 -15"><span class='ocrx_word' id='word_1_247' title='bbox 379 2096 530 2151; x_wconf 85' lang='lat' dir='ltr'>poterit</span> <span class='ocrx_word' id='word_1_248' title='bbox 555 2096 732 2137; x_wconf 88' lang='lat' dir='ltr'>addere.&#39;</span> 
     </span>
    </p>

    <p class='ocr_par' dir='ltr' id='par_1_7' title="bbox 381 2157 1725 2770">
     <span class='ocr_line' id='line_1_37' title="bbox 461 2157 1725 2214; baseline 0 -15"><span class='ocrx_word' id='word_1_249' title='bbox 461 2159 558 2199; x_wconf 80' lang='lat' dir='ltr'>Hoc</span> <span class='ocrx_word' id='word_1_250' title='bbox 581 2159 671 2199; x_wconf 87' lang='lat' dir='ltr'>looo</span> <span class='ocrx_word' id='word_1_251' title='bbox 699 2157 906 2214; x_wconf 83' lang='lat' dir='ltr'>Sulpicius</span> <span class='ocrx_word' id='word_1_252' title='bbox 933 2158 1196 2214; x_wconf 84' lang='lat' dir='ltr'>‘insperanti&#39;</span> <span class='ocrx_word' id='word_1_253' title='bbox 1227 2158 1359 2212; x_wconf 87' lang='lat' dir='ltr'>inquit</span> <span class='ocrx_word' id='word_1_254' title='bbox 1416 2159 1533 2199; x_wconf 89' lang='lat' dir='ltr'>‘mihi</span> <span class='ocrx_word' id='word_1_255' title='bbox 1559 2165 1600 2199; x_wconf 90' lang='lat' dir='ltr'>et</span> <span class='ocrx_word' id='word_1_256' title='bbox 1625 2157 1725 2199; x_wconf 88' lang='lat' dir='ltr'>Cot-</span> 
     </span>
     <span class='ocr_line' id='line_1_38' title="bbox 382 2221 1725 2276; baseline -0.001 -15"><span class='ocrx_word' id='word_1_257' title='bbox 382 2228 465 2270; x_wconf 87' lang='lat' dir='ltr'>tae,</span> <span class='ocrx_word' id='word_1_258' title='bbox 511 2221 585 2261; x_wconf 90' lang='lat' dir='ltr'>sed</span> <span class='ocrx_word' id='word_1_259' title='bbox 620 2221 741 2262; x_wconf 85' lang='lat' dir='ltr'>valde</span> <span class='ocrx_word' id='word_1_260' title='bbox 777 2221 935 2276; x_wconf 86' lang='lat' dir='ltr'>optanti</span> <span class='ocrx_word' id='word_1_261' title='bbox 977 2221 1138 2274; x_wconf 89' lang='lat' dir='ltr'>utrique</span> <span class='ocrx_word' id='word_1_262' title='bbox 1174 2229 1361 2262; x_wconf 89' lang='lat' dir='ltr'>nostrum</span> <span class='ocrx_word' id='word_1_263' title='bbox 1397 2221 1560 2270; x_wconf 87' lang='lat' dir='ltr'>cecidit,</span> <span class='ocrx_word' id='word_1_264' title='bbox 1602 2228 1647 2261; x_wconf 91' lang='lat' dir='ltr'>ut</span> <span class='ocrx_word' id='word_1_265' title='bbox 1682 2221 1725 2260; x_wconf 91' lang='lat' dir='ltr'>in</span> 
     </span>
     <span class='ocr_line' id='line_1_39' title="bbox 381 2282 1725 2333; baseline 0 -11"><span class='ocrx_word' id='word_1_266' title='bbox 381 2282 506 2323; x_wconf 86' lang='lat' dir='ltr'>istum</span> <span class='ocrx_word' id='word_1_267' title='bbox 532 2298 782 2333; x_wconf 85' lang='lat' dir='ltr'>sermonem,</span> <span class='ocrx_word' id='word_1_268' title='bbox 809 2282 982 2332; x_wconf 87' lang='lat' dir='ltr'>Crasse,</span> <span class='ocrx_word' id='word_1_269' title='bbox 1020 2283 1329 2332; x_wconf 80' lang='lat' dir='ltr'>delabere1nini3</span> <span class='ocrx_word' id='word_1_270' title='bbox 1367 2283 1485 2323; x_wconf 90' lang='lat' dir='ltr'>nobis</span> <span class='ocrx_word' id='word_1_271' title='bbox 1512 2282 1619 2323; x_wconf 89' lang='lat' dir='ltr'>enim</span> <span class='ocrx_word' id='word_1_272' title='bbox 1644 2282 1725 2323; x_wconf 89' lang='grc'><strong>11116</strong></span> 
     </span>
     <span class='ocr_line' id='line_1_40' title="bbox 381 2344 1723 2394; baseline 0 -10"><span class='ocrx_word' id='word_1_273' title='bbox 381 2344 640 2386; x_wconf 77' lang='lat' dir='ltr'>venientibus</span> <span class='ocrx_word' id='word_1_274' title='bbox 673 2345 772 2386; x_wconf 90' lang='lat' dir='ltr'>satis</span> <span class='ocrx_word' id='word_1_275' title='bbox 809 2345 1031 2385; x_wconf 86' lang='lat' dir='ltr'>iucundum</span> <span class='ocrx_word' id='word_1_276' title='bbox 1057 2346 1143 2386; x_wconf 87' lang='lat' dir='ltr'>fore</span> <span class='ocrx_word' id='word_1_277' title='bbox 1169 2345 1402 2393; x_wconf 84' lang='lat' dir='ltr'>videbatur,</span> <span class='ocrx_word' id='word_1_278' title='bbox 1441 2344 1494 2394; x_wconf 86' lang='lat' dir='ltr'>si,</span> <span class='ocrx_word' id='word_1_279' title='bbox 1532 2359 1624 2384; x_wconf 92' lang='lat' dir='ltr'>cum</span> <span class='ocrx_word' id='word_1_280' title='bbox 1649 2358 1723 2385; x_wconf 79' lang='lat' dir='ltr'>vos</span> 
     </span>
     <span class='ocr_line' id='line_1_41' title="bbox 382 2406 1723 2460; baseline -0.001 -13"><span class='ocrx_word' id='word_1_281' title='bbox 382 2406 431 2446; x_wconf 86' lang='lat' dir='ltr'>de</span> <span class='ocrx_word' id='word_1_282' title='bbox 457 2408 579 2448; x_wconf 86' lang='lat' dir='ltr'>rebus</span> <span class='ocrx_word' id='word_1_283' title='bbox 605 2407 694 2447; x_wconf 87' lang='lat' dir='ltr'>aliis</span> <span class='ocrx_word' id='word_1_284' title='bbox 719 2407 1000 2460; x_wconf 89' lang='lat' dir='ltr'>loqueremini,</span> <span class='ocrx_word' id='word_1_285' title='bbox 1026 2414 1163 2449; x_wconf 84' lang='lat' dir='ltr'>tamen</span> <span class='ocrx_word' id='word_1_286' title='bbox 1186 2423 1262 2448; x_wconf 88' lang='lat' dir='ltr'>nos</span> <span class='ocrx_word' id='word_1_287' title='bbox 1283 2407 1436 2460; x_wconf 88' lang='lat' dir='ltr'>aliquid</span> <span class='ocrx_word' id='word_1_288' title='bbox 1461 2422 1512 2447; x_wconf 86' lang='lat' dir='ltr'>ex</span> <span class='ocrx_word' id='word_1_289' title='bbox 1536 2421 1723 2447; x_wconf 87' lang='lat' dir='ltr'>sermone</span> 
     </span>
     <span class='ocr_line' id='line_1_42' title="bbox 381 2469 1723 2525; baseline 0 -17"><span class='ocrx_word' id='word_1_290' title='bbox 381 2477 517 2510; x_wconf 69' lang='lat' dir='ltr'>vestro</span> <span class='ocrx_word' id='word_1_291' title='bbox 542 2469 740 2510; x_wconf 88' lang='lat' dir='ltr'>memoria</span> <span class='ocrx_word' id='word_1_292' title='bbox 770 2470 940 2525; x_wconf 79' lang='lat' dir='ltr'>dignum</span> <span class='ocrx_word' id='word_1_293' title='bbox 970 2470 1158 2525; x_wconf 82' lang='lat' dir='ltr'>excipere</span> <span class='ocrx_word' id='word_1_294' title='bbox 1188 2484 1405 2525; x_wconf 87' lang='lat' dir='ltr'>possemus</span> <span class='ocrx_word' id='word_1_295' title='bbox 1415 2486 1425 2518; x_wconf 91' lang='lat'>;</span> <span class='ocrx_word' id='word_1_296' title='bbox 1462 2476 1507 2509; x_wconf 87' lang='grc'>111</span> <span class='ocrx_word' id='word_1_297' title='bbox 1531 2483 1627 2509; x_wconf 78' lang='lat' dir='ltr'>vcro</span> <span class='ocrx_word' id='word_1_298' title='bbox 1651 2482 1723 2522; x_wconf 87' lang='lat' dir='ltr'>pc-</span> 
     </span>
     <span class='ocr_line' id='line_1_43' title="bbox 381 2529 1723 2586; baseline 0 -18"><span class='ocrx_word' id='word_1_299' title='bbox 381 2530 490 2570; x_wconf 81' lang='grc'><strong>1111115</strong></span> <span class='ocrx_word' id='word_1_300' title='bbox 526 2531 568 2571; x_wconf 86' lang='grc'>111</span> <span class='ocrx_word' id='word_1_301' title='bbox 606 2546 696 2572; x_wconf 86' lang='lat' dir='ltr'>eam</span> <span class='ocrx_word' id='word_1_302' title='bbox 730 2531 864 2586; x_wconf 84' lang='lat' dir='ltr'>ipsam</span> <span class='ocrx_word' id='word_1_303' title='bbox 900 2531 1024 2573; x_wconf 87' lang='lat' dir='ltr'>totius</span> <span class='ocrx_word' id='word_1_304' title='bbox 1061 2532 1180 2572; x_wconf 89' lang='lat' dir='ltr'>huius</span> <span class='ocrx_word' id='word_1_305' title='bbox 1215 2531 1278 2572; x_wconf 84' lang='lat' dir='ltr'>vel</span> <span class='ocrx_word' id='word_1_306' title='bbox 1315 2531 1438 2571; x_wconf 89' lang='lat' dir='ltr'>studii</span> <span class='ocrx_word' id='word_1_307' title='bbox 1468 2530 1535 2570; x_wconf 74' lang='lat' dir='ltr'>vel</span> <span class='ocrx_word' id='word_1_308' title='bbox 1566 2529 1723 2569; x_wconf 89' lang='lat' dir='ltr'>artificii</span> 
     </span>
     <span class='ocr_line' id='line_1_44' title="bbox 382 2590 1723 2648; baseline -0.001 -18"><span class='ocrx_word' id='word_1_309' title='bbox 382 2591 447 2630; x_wconf 71' lang='lat' dir='ltr'>vel</span> <span class='ocrx_word' id='word_1_310' title='bbox 472 2592 676 2633; x_wconf 84' lang='lat' dir='ltr'>facultatis</span> <span class='ocrx_word' id='word_1_311' title='bbox 703 2593 1021 2648; x_wconf 88' lang='lat' dir='ltr'>disputationem</span> <span class='ocrx_word' id='word_1_312' title='bbox 1045 2608 1176 2648; x_wconf 85' lang='lat' dir='ltr'>paene</span> <span class='ocrx_word' id='word_1_313' title='bbox 1201 2593 1386 2633; x_wconf 87' lang='lat' dir='ltr'>intimam</span> <span class='ocrx_word' id='word_1_314' title='bbox 1410 2590 1616 2638; x_wconf 82' lang='lat' dir='ltr'>veniretis,</span> <span class='ocrx_word' id='word_1_315' title='bbox 1653 2590 1723 2630; x_wconf 70' lang='lat' dir='ltr'>vix</span> 
     </span>
     <span class='ocr_line' id='line_1_45' title="bbox 383 2651 1721 2709; baseline 0 -18"><span class='ocrx_word' id='word_1_316' title='bbox 383 2654 607 2706; x_wconf 86' lang='lat' dir='ltr'>optandum</span> <span class='ocrx_word' id='word_1_317' title='bbox 642 2654 760 2695; x_wconf 90' lang='lat' dir='ltr'>nobis</span> <span class='ocrx_word' id='word_1_318' title='bbox 798 2655 1026 2696; x_wconf 76' lang='lat' dir='ltr'>videbatur.</span> <span class='ocrx_word' id='word_1_319' title='bbox 1087 2670 1164 2709; x_wconf 84' lang='lat' dir='ltr'>ego</span> <span class='ocrx_word' id='word_1_320' title='bbox 1200 2654 1327 2704; x_wconf 86' lang='lat' dir='ltr'>enim,</span> <span class='ocrx_word' id='word_1_321' title='bbox 1365 2653 1434 2706; x_wconf 86' lang='lat' dir='ltr'>qui</span> <span class='ocrx_word' id='word_1_322' title='bbox 1470 2653 1520 2692; x_wconf 87' lang='lat' dir='ltr'>ab</span> <span class='ocrx_word' id='word_1_323' title='bbox 1555 2651 1721 2692; x_wconf 87' lang='lat' dir='ltr'>ineunte</span> 
     </span>
     <span class='ocr_line' id='line_1_46' title="bbox 383 2711 1722 2770; baseline -0.001 -16"><span class='ocrx_word' id='word_1_324' title='bbox 383 2720 515 2755; x_wconf 86' lang='lat' dir='ltr'>aetate</span> <span class='ocrx_word' id='word_1_325' title='bbox 540 2714 732 2757; x_wconf 89' lang='lat' dir='ltr'>incensus</span> <span class='ocrx_word' id='word_1_326' title='bbox 769 2731 906 2758; x_wconf 88' lang='lat' dir='ltr'>essem</span> <span class='ocrx_word' id='word_1_327' title='bbox 930 2717 1065 2758; x_wconf 87' lang='lat' dir='ltr'>studio</span> <span class='ocrx_word' id='word_1_328' title='bbox 1090 2716 1302 2770; x_wconf 85' lang='lat' dir='ltr'>utriusque</span> <span class='ocrx_word' id='word_1_329' title='bbox 1338 2722 1539 2764; x_wconf 88' lang='lat' dir='ltr'>vestrum,</span> <span class='ocrx_word' id='word_1_330' title='bbox 1578 2711 1722 2754; x_wconf 84' lang='lat' dir='ltr'>Crassi</span> 
     </span>
    </p>
   </div>
   <div class='ocr_carea' id='block_1_7' title="bbox 1831 2339 1859 3069">
    <p class='ocr_par' dir='ltr' id='par_1_8' title="bbox 1831 2339 1859 3069">
     <span class='ocr_line' id='line_1_47' title="bbox 1831 2339 1859 3069; baseline 0 0"><span class='ocrx_word' id='word_1_331' title='bbox 1831 2339 1859 3069; x_wconf 95' lang='lat' dir='ltr'> </span> 
     </span>
    </p>
   </div>
  </div>
 </body>
</html>
