1859 3069
333 307 366 333 55

331 864 363 888 56

331 1419 362 1443 57

327 1783 370 1816 15

331 2162 364 2187 58

395 199 478 240 208
797 206 846 240 Μ.
876 205 1054 241 TULLII
1082 204 1344 241 CICERONIS

396 289 473 330 bus
501 288 585 329 suis
611 286 879 341 mitigaverit3
906 300 1130 340 possumus
1154 286 1343 341 Appium
1363 286 1585 328 Claudium
1611 287 1747 343 suspi-

395 351 477 392 cari
499 351 710 396 disertum,
736 348 832 401 quia
857 354 1046 388 senatum
1071 347 1238 387 iamiam
1261 347 1526 390 inclinantem
1553 365 1576 390 a
1594 350 1746 404 Pyrrhi

394 427 496 468 pace
532 410 806 458 revocaverim
845 424 1069 463 possumus
1104 408 1153 450 C.
1183 409 1440 459 Fabricium,
1479 412 1574 465 quia
1605 412 1657 453 sit
1694 412 1747 453 ad

394 474 600 528 Pyrrhum
642 472 692 512 de
735 470 908 526 captivis
950 471 1243 525 recuperandis
1286 471 1439 512 missus
1481 481 1634 524 orat0r3
1678 474 1744 515 Ti.

395 533 721 582 Coruncanium,
764 533 875 585 quod
911 548 963 573 ex
998 532 1239 587 pontificum
1277 535 1579 576 commentariis
1621 536 1745 590 longe

392 596 614 652 plurimum
649 595 816 649 ingenio
849 594 1031 636 valuisse
1056 594 1260 644 videatur3
1297 595 1372 637 M.'
1407 595 1598 646 Curium,
1636 599 1747 650 quod

392 660 427 700 is
453 658 641 699 tribunus
667 657 800 712 plebis
832 656 1038 711 interrege
1064 657 1205 712 Appio
1233 656 1371 699 Caeco
1403 658 1556 699 diserto
1581 659 1746 701 homine

394 719 561 761 comitia
597 727 740 760 contra
776 719 891 774 leges
929 719 1127 769 habente,
1166 734 1260 760 cum
1297 720 1346 761 de
1377 720 1498 775 plebe
1536 721 1747 762 consulem

393 798 477 824 non
502 781 748 837 accipiebat,
785 789 924 837 patres
951 789 1045 822 ante
1071 789 1260 823 auctores
1285 782 1373 823 fieri
1398 782 1598 836 coegerit,
1638 784 1747 836 quod

396 845 473 886 fuit
496 859 771 899 permagnum
795 844 980 885 nondum
1009 844 1101 898 lege
1127 844 1298 885 Maenia
1327 844 1429 894 lata3
1466 844 1562 885 lieet
1593 845 1747 898 aliquid

392 907 517 948 etiam
549 907 599 947 de
630 906 693 947 M.
726 906 878 961 Popilii
913 906 1080 961 ingenio
1119 907 1338 961 suspicari,
1376 906 1445 960 qui
1477 921 1571 948 cum
1602 907 1747 948 consul

393 976 505 1010 esset
530 968 758 1021 codemque
784 976 969 1023 tempore
1001 968 1245 1009 sacrificium
1276 968 1486 1023 publicum
1511 984 1604 1009 cum
1628 969 1748 1010 laena

393 1031 566 1080 faceret,
605 1030 716 1083 quod
747 1037 833 1071 erat
863 1030 1014 1071 flamen
1040 1029 1335 1080 Carmentalis,
1366 1030 1479 1086 plebi
1509 1038 1650 1072 contra
1673 1047 1747 1087 pa-

394 1100 477 1133 tres
516 1092 790 1134 concitatione
828 1099 869 1132 et
907 1091 1108 1134 seditione
1144 1092 1348 1142 nuntiata,
1391 1099 1437 1133 ut
1478 1100 1565 1134 erat
1609 1091 1747 1147 [laena
1799 1094 1810 1105 ''

394 1154 603 1210 amictus],
628 1154 686 1195 ita
704 1154 816 1195 venit.
834 1154 876 1194 in
895 1155 1128 1196 contionem
1148 1155 1472 1208 seditionemque
1493 1169 1587 1196 eum
1607 1164 1746 1197 aucto-

392 1216 512 1258 ritate
532 1224 619 1257 tum
638 1216 822 1257 oratione
848 1216 1021 1258 sedavit.
1065 1217 1139 1257 sed
1163 1232 1234 1258 eos
1256 1225 1438 1258 oratores
1464 1216 1627 1258 habitos
1653 1232 1745 1259 esse

394 1286 464 1320 aut
488 1278 655 1320 omnino
680 1286 768 1319 tum
791 1278 922 1319 ullum
947 1278 1205 1332 eloquentiae
1230 1278 1459 1333 praemium
1490 1279 1619 1320 fuisse
1644 1279 1745 1319 nihil

395 1356 493 1382 sane
524 1340 625 1381 mihi
653 1340 807 1396 legisse
837 1340 998 1382 videor:
1037 1341 1320 1381 tantummodo
1353 1340 1587 1382 coniectura
1619 1341 1746 1382 ducor

395 1403 447 1443 ad
472 1402 780 1458 suspicandum.
841 1402 988 1443 dicitur
1012 1402 1135 1444 etiam
1162 1401 1212 1444 C.
1236 1403 1485 1452 Flaminius,
1522 1403 1556 1444 is
1583 1403 1652 1457 qui
1677 1403 1746 1443 tri-

392 1465 527 1506 bunus
563 1465 696 1520 plebis
733 1465 870 1520 legem
907 1465 957 1506 dc
995 1480 1094 1519 agro
1128 1464 1289 1506 Gallico
1327 1472 1367 1505 et
1400 1465 1557 1506 Piceno
1594 1465 1746 1506 viritim

394 1526 619 1568 dividundo
657 1527 766 1576 tulit,
805 1527 875 1580 qui
906 1527 1050 1569 consul
1081 1527 1192 1582 apud
1216 1527 1509 1568 Trasimenum
1534 1535 1597 1568 est
1620 1527 1746 1568 inter-

394 1588 546 1637 fectus,
573 1588 625 1628 ad
649 1589 847 1643 populum
872 1589 1053 1630 valuisse
1079 1589 1273 1638 dicend0;
1306 1588 1357 1641 Q.
1384 1589 1508 1630 etiam
1531 1589 1744 1630 Maximus

393 1650 655 1691 Verrucosus
699 1657 836 1691 orator
878 1650 1043 1691 habitus
1086 1657 1150 1691 est
1191 1650 1445 1705 temporibus
1486 1651 1567 1692 illis
1609 1658 1650 1692 et
1691 1650 1744 1703 Q.

393 1710 610 1761 Metellus,
647 1711 682 1752 is
719 1712 789 1764 qui
818 1711 927 1753 bello
951 1712 1111 1753 Punico
1149 1712 1330 1753 secundo
1363 1727 1456 1752 cum
1486 1712 1539 1753 L.
1570 1712 1744 1755 Veturio

394 1772 571 1814 Philone
609 1773 754 1814 consul
790 1773 885 1822 fuit3
924 1787 1046 1826 quem
1083 1788 1181 1814 vero
1218 1780 1353 1814 exstet
1392 1771 1451 1827 [et
1488 1774 1538 1814 de
1575 1788 1656 1826 quo
1694 1774 1746 1814 sit

393 1834 615 1876 memoriae
644 1834 871 1890 proditum]
905 1835 1167 1888 eloquentem
1198 1834 1328 1876 fuisse
1359 1835 1481 1876 etita
1505 1850 1597 1876 0550
1629 1835 1746 1876 habi-

394 1904 498 1946 tum,
531 1896 688 1951 primus
716 1903 778 1937 est
803 1896 865 1937 Μ.
893 1895 1112 1938 Cornelius
1142 1895 1376 1952 Cethegus,
1408 1897 1523 1937 cuius
1551 1897 1745 1950 eloquen-

394 1958 474 1999 tiae
516 1965 580 1999 est
621 1966 762 1999 auctor
803 1966 844 1999 et
884 1958 1057 2000 idoneus
1100 1958 1268 2012 quidem
1308 1973 1402 1999 mea
1445 1958 1649 2000 sententia
1690 1959 1744 2011 Q.

392 2020 575 2069 Ennius,
606 2020 850 2075 praesertim
877 2035 970 2061 cum
994 2028 1035 2061 ct
1058 2020 1148 2075 ipse
1173 2035 1268 2061 eum
1300 2019 1504 2060 audiverit
1529 2026 1569 2061 et
1594 2020 1746 2061 scribat

394 2082 445 2123 de
480 2088 662 2131 mortuo3
707 2097 760 2123 ex
795 2096 876 2135 quo
912 2082 1026 2122 nulla
1062 2081 1234 2137 suspitio
1280 2088 1343 2122 est
1381 2081 1583 2124 amicitiae
1621 2096 1747 2123 causa

393 2159 487 2186 csse
517 2144 770 2186 ementitum.
831 2151 895 2186 est
924 2144 1048 2199 igitur
1080 2143 1139 2185 sic
1169 2144 1279 2199 apud
1314 2143 1429 2185 illum
1464 2144 1506 2185 in
1536 2159 1664 2194 nono,
1701 2151 1745 2185 ut

394 2207 558 2262 opinor,
585 2206 741 2247 annali:

507 2268 670 2309 additur
695 2274 832 2309 orator
859 2267 1069 2309 (3011101111>
1097 2267 1400 2321 suaviloquenti

506 2344 577 2371 ore
604 2328 818 2385 Cethegus
842 2329 1005 2370 Marcu’
1033 2329 1241 2370 Tuditano
1267 2329 1441 2384 conlega

506 2391 643 2432 BIarei
666 2391 774 2432 filius
802 2423 913 2432 .....

395 2461 436 2494 ct
471 2460 676 2494 oratorem
718 2453 899 2508 appellat
941 2460 982 2493 et
1024 2452 1395 2505 suaviloquentiam
1437 2452 1595 2501 tribuit,
1639 2466 1743 2505 quac

396 2529 504 2555 nune
530 2514 695 2568 quidem
718 2529 802 2556 11011
827 2522 911 2555 tam
937 2520 1001 2555 est
1024 2514 1066 2554 in
1090 2514 1316 2569 plerisque3
1348 2514 1499 2555 latrant
1530 2513 1639 2554 enim
1662 2512 1743 2552 iam

397 2576 563 2629 quidam
598 2583 800 2626 oratores,
837 2591 920 2617 non
954 2576 1190 2630 loquuntur.
1252 2576 1326 2617 sed
1357 2582 1420 2617 cst
1450 2591 1499 2617 ea
1533 2575 1622 2616 laus
1660 2573 1743 2614 elo--

397 2638 586 2690 quentiae
612 2646 721 2679 ccrtc
746 2638 938 2688 maxima,
