1859 3069
471 235 539 270 DE
566 234 804 270 ORATORE
831 235 858 269 1.
883 233 1064 269 94—102.
1387 225 1439 265 21

95 333 193 360 vero
236 317 360 359 etiam
402 332 558 367 amore,
602 332 695 358 cum
741 317 792 357 ab
831 331 878 357 eo
925 330 1129 369 nusquam
1173 315 1441 364 discederem,

96 381 268 421 verbum
293 395 344 421 ex
369 396 417 421 eo
453 395 677 433 numquam
713 379 859 420 elicere
895 378 1011 433 potui
1036 379 1086 419 de
1111 377 1178 419 via
1202 392 1250 418 ac
1284 378 1442 418 ratione

97 442 278 492 dicendi,
315 457 408 482 cum
433 450 474 483 et
502 458 575 497 per
605 449 758 482 memet
792 441 929 496 ipsum
964 440 1145 495 egissem
1169 447 1209 482 et
1233 455 1306 495 per
1329 440 1444 480 Dru-

99 520 190 545 sum
222 520 345 559 saepe
382 512 669 560 temptassem3
708 518 788 557 quo
825 503 867 543 in
903 517 1054 557 genere
1087 509 1149 552 tu,
1186 501 1364 550 Antoni,
1388 525 1445 530 ——

98 582 193 608 vere
217 568 362 621 loquar
388 592 444 596 —
467 582 691 619 numquam
716 566 815 605 mihi
845 565 1103 620 percontanti
1128 572 1198 605 aut
1233 564 1445 618 quaerenti

99 629 254 683 aliquid
280 630 448 670 defuisti
476 638 516 669 et
539 643 739 684 persaepe
771 642 856 676 me,
893 642 997 680 quae
1026 627 1178 668 soleres
1203 626 1246 667 in
1271 626 1444 667 dicendo

102 692 341 740 observare,
386 691 574 732 docuisti.
646 704 772 737 nunc,
816 689 1009 742 quoniam
1052 697 1222 741 uterque
1263 696 1448 729 vestrum

100 754 295 808 patefecit
320 769 460 794 earum
485 753 668 807 ipsarum
692 766 828 792 rerum
855 751 1027 800 aditum,
1066 766 1166 804 quas
1198 751 1446 804 quaerimus,

101 824 141 855 ct
167 815 360 869 quoniam
384 815 575 869 princeps
600 813 779 854 Crassus
806 813 893 853 eius
922 813 1122 854 sermonis
1148 813 1333 854 ordiendi
1358 812 1448 861 fuit,

102 878 195 917 date
232 878 350 917 nobis
388 877 494 916 hanc
524 876 706 923 veniam,
743 882 788 915 ut
825 890 892 924 ea,
930 890 1034 928 quae
1067 875 1226 916 sentitis
1257 876 1307 915 de
1339 873 1450 915 omni

100 954 251 994 genere
278 939 458 987 dicendi,
498 937 701 978 subtiliter
725 937 1029 991 persequamini
1039 954 1049 987 3
1089 938 1200 990 quod
1224 937 1389 990 quidem
1415 936 1450 976 si

101 1001 176 1042 crit
201 1016 225 1041 a
249 1001 366 1041 vobis
391 1000 674 1055 impetratum,
712 1015 907 1054 maguam
933 1000 1112 1049 habebo,
1152 998 1323 1048 Crasse,
1356 999 1450 1039 huic

99 1063 329 1117 palaestrae
356 1070 395 1102 et
421 1062 658 1102 Tusculano
685 1068 754 1102 tuo
786 1061 960 1116 gratiam
986 1071 1026 1102 ct
1049 1062 1172 1116 longe
1196 1061 1450 1102 Academiae

100 1124 158 1165 illi
194 1138 240 1165 ac
276 1124 410 1178 Lycio
449 1132 563 1164 tuum
600 1124 677 1164 hoc
715 1124 996 1164 suburbanum
1039 1124 1301 1179 gymnasium
1338 1131 1451 1163 ante-

100 1187 278 1243 ponam.'
339 1194 425 1227 tum
449 1187 517 1227 ille
544 1186 687 1227 ‘immo
713 1186 844 1235 vcro,'
870 1186 999 1239 inquit
1027 1186 1223 1241 6511111101,
1255 1200 1448 1240 rogemus

102 1249 350 1298 Antonium,
389 1249 459 1302 qui
490 1256 531 1289 et
559 1255 698 1303 potest
729 1249 883 1298 facere,
922 1249 1032 1301 quod
1060 1248 1252 1301 requiris,
1291 1256 1331 1288 et
1356 1262 1452 1288 con-

104 1311 256 1360 suevit,
293 1320 338 1351 ut
362 1318 401 1351 te
433 1311 554 1351 audio
587 1310 742 1351 dicere:
780 1326 876 1350 nam
900 1326 965 1351 me
998 1310 1163 1363 quidem
1188 1310 1320 1351 fateor
1346 1325 1452 1350 scm-

52 1374 58 1383 '
102 1389 176 1428 per
202 1389 225 1413 a
249 1388 400 1427 genere
426 1373 504 1413 hoc
528 1380 613 1413 toto
651 1373 851 1413 sermonis
876 1373 1081 1427 refugisse
1108 1381 1148 1413 et
1173 1372 1246 1412 tibi
1272 1372 1451 1427 cupienti

104 1444 226 1488 atque
264 1435 433 1475 instanti
471 1435 714 1490 saepissime
757 1450 953 1489 negasse,
996 1443 1040 1475 ut
1078 1442 1162 1476 tute
1198 1435 1321 1490 paulo
1359 1442 1452 1475 ante

104 1497 243 1537 dixisti
252 1514 262 1546 3
290 1498 400 1550 quod
425 1512 502 1551 ego
527 1513 610 1537 non
637 1497 831 1552 superbia
854 1512 988 1550 neque
1006 1497 1303 1538 inhumanitate
1328 1497 1453 1537 facie-

104 1561 200 1600 bam
224 1574 357 1612 neque
395 1573 474 1611 quo
501 1566 570 1599 tuo
608 1559 742 1599 studio
778 1559 1008 1600 rectissimo
1044 1568 1167 1613 atque
1192 1559 1344 1614 optimo
1370 1574 1453 1599 non

105 1621 278 1674 obsequi
304 1621 470 1669 vellem,
507 1621 750 1675 praesertim
776 1635 867 1661 cum
894 1629 932 1661 te
957 1636 1084 1661 unum
1109 1637 1161 1662 ex
1185 1621 1374 1662 omnibus
1401 1621 1454 1660 ad

105 1683 324 1723 dicendum
339 1682 516 1723 maxime
537 1691 678 1723 natum
694 1691 916 1738 aptumque
931 1697 1190 1738 cognossem,
1207 1684 1281 1724 sed
1293 1683 1454 1723 meher-

106 1745 196 1785 cule
232 1745 350 1785 istius
390 1744 678 1799 disputationis
715 1745 935 1785 insolentia
970 1753 1091 1798 atquc
1128 1760 1268 1785 earum
1303 1760 1452 1793 rerum,

106 1822 210 1860 quae
230 1806 348 1860 quasi
366 1806 408 1846 111
434 1814 519 1847 arte
540 1807 767 1856 traduntur,
793 1807 1034 1847 inscientia.'
1074 1814 1158 1846 tum
1181 1806 1305 1847 Cotta
1334 1811 1454 1859 ‘quo-

105 1870 216 1910 niam
241 1870 300 1917 id,
339 1869 450 1922 quod
475 1869 761 1909 difficillimum
792 1869 910 1909 nobis
944 1870 1177 1918 videbatur,
1214 1876 1259 1909 ut
1289 1868 1454 1909 omnino

107 1932 157 1972 de
183 1931 246 1972 his
270 1932 408 1980 rebus,
437 1930 604 1980 Crasse,
630 1931 863 1984 loquerere‚
890 1931 1075 1972 adsecuti
1101 1946 1262 1979 sumus,
1289 1931 1338 1971 de
1362 1930 1457 1970 reli—

107 2008 187 2047 quo
212 1994 295 2033 iam
319 2001 461 2034 nostra
486 1994 607 2048 culpa
632 1993 771 2042 fuerit,
800 1993 834 2033 si
859 2002 918 2043 te,
944 1994 1023 2034 nisi
1048 1994 1203 2043 onmia,
1235 2007 1339 2046 quae
1363 2007 1456 2047 per-

109 2055 261 2096 contati
286 2055 456 2105 erimus,
483 2056 720 2110 explicat-is,
748 2055 1049 2096 dimiserimus?
1111 2056 1181 2096 ‘de
1207 2055 1284 2103 eis,
1318 2054 1453 2103 credo,

108 2117 272 2166 rebus,’
316 2117 449 2170 inquit
487 2116 667 2158 Crassus
707 2122 771 2158 ‘ut
807 2118 849 2158 in
886 2117 1135 2158 cretionibus
1174 2116 1297 2157 scribi
1335 2116 1457 2156 solet:

110 2194 246 2224 Qumus
271 2193 387 2219 sciAM
410 2179 668 2225 POTEROQUE.9
730 2187 817 2220 tum
841 2180 909 2221 ille
935 2184 1049 2220 ‘nam
1074 2180 1184 2233 quod
1210 2187 1253 2219 tu
1276 2194 1360 2219 non
1383 2193 1458 2233 po-

109 2241 206 2282 teris
233 2249 302 2281 aut
326 2242 505 2291 nescies,
543 2242 634 2295 quis
660 2250 847 2283 nostrum
872 2250 956 2282 tam
987 2242 1204 2297 impudens
1231 2248 1294 2281 est
1319 2241 1388 2294 qui
1413 2256 1456 2281 se

109 2303 213 2344 scire
239 2311 308 2343 aut
333 2318 456 2358 posse
481 2304 703 2358 postulet?
737 2304 838 2344 ‘iam
862 2320 959 2345 vero
984 2305 1065 2344 ista
1088 2304 1333 2352 conditione,
1361 2303 1458 2343 dum

109 2366 210 2406 mihi
233 2366 355 2406 liceat
373 2381 524 2420 negare
544 2381 668 2420 posse
688 2367 798 2419 quod
822 2382 904 2407 non
922 2375 1065 2421 potero
1091 2373 1132 2406 et
1155 2366 1275 2406 fateri
1299 2365 1457 2406 nescire

110 2429 221 2482 quod
244 2429 438 2477 nesciam,
464 2429 576 2469 licet'
603 2428 935 2482 inquitCrassus
963 2433 1118 2469 ‘vestro
1145 2428 1343 2469 arbitratu
1366 2443 1460 2483 per-

1475 713 1509 737 98

1473 1823 1522 1847 100

1476 2071 1523 2096 101

111 2491 358 2532 contemini.’
420 2491 568 2544 ‘atqui'
606 2491 737 2543 inquit
763 2489 970 2545 Sulpicius
998 2491 1095 2532 ‘hoc
1126 2506 1177 2531 ex
1201 2498 1259 2539 te,
1298 2491 1347 2531 de
1374 2505 1453 2543 quo
1474 2506 1523 2531 102

110 2554 233 2594 modo
260 2553 468 2593 Antonius
495 2553 698 2607 exposuit,
725 2553 824 2605 quid
850 2552 1015 2601 sentias,
1043 2552 1290 2606 quaerimus,
1317 2552 1457 2593 existi-

111 2632 254 2657 mesne
292 2624 421 2656 artem
458 2616 637 2668 aliquam
674 2630 765 2655 esse
810 2615 1013 2656 dicendiP’
1058 2616 1200 2668 ‘quid?
1241 2615 1342 2656 mihi
1383 2630 1457 2656 vos

111 2678 236 2719 nunc’
276 2679 407 2732 inquit
444 2676 623 2719 Crassus
666 2681 894 2730 ‘tamquam
925 2677 1045 2717 alicui
1083 2677 1287 2719 Graeculo
1323 2677 1455 2718 otioso

112 2747 153 2782 et
175 2740 337 2795 loquaci
363 2750 403 2782 et
421 2741 597 2782 fortasse
620 2740 740 2782 docto
766 2749 887 2794 atque
907 2740 1066 2782 erudito
1086 2740 1451 2794 quaestiunculam,
