1859 3069
304 1033 351 1057 324

384 189 463 230 132
782 196 832 229 M.
861 193 1037 228 TULLH
1065 191 1326 227 CICERONIS

380 279 548 327 misera,
587 278 619 317 si
646 277 824 330 ingrata,
862 274 895 314 si
922 273 1109 327 indigna,
1148 273 1182 313 si
1207 288 1332 323 nova,
1371 273 1534 327 siquae
1570 272 1729 314 restitui

381 340 598 393 sanarique
634 353 716 379 non
752 336 902 391 possit;
945 350 997 375 ex
1033 335 1092 375 eis
1135 344 1291 384 autem,
1335 337 1445 390 apud
1486 351 1589 390 quos
1634 350 1730 390 agc-

380 410 464 451 tur,
501 408 546 441 ut
569 398 794 440 benevolos
821 398 1008 449 beneque
1034 396 1307 437 existimantis
1334 399 1581 448 efficiamus,
1619 399 1729 452 quod

380 463 541 517 agendo
578 460 754 501 efficitur
790 459 937 499 melius
975 473 1097 512 quam
1133 460 1332 513 rogando.
1393 470 1456 500 est
1485 462 1527 501 id
1565 462 1728 514 quiden]

378 525 419 564 in
445 532 573 564 totam
605 521 833 562 orationem
871 520 1209 561 confundendum
1232 536 1308 561 nce
1338 521 1505 562 minime
1530 522 1572 562 in
1597 530 1730 563 extre-

377 599 506 632 1na1n3
534 584 609 624 sed
633 590 771 623 tamen
790 582 922 622 multa
955 582 1157 636 principia
1181 597 1232 623 ex
1258 597 1306 623 eo
1329 598 1480 637 genere
1506 583 1730 638 gignuntur

323 664 354 687 :s
378 670 433 674 »ᾳ
457 660 553 685 nam
578 652 619 685 et
643 652 845 685 attentum
870 652 1039 685 monent
1059 644 1209 685 Gracci
1234 652 1279 684 ut,
1305 645 1505 700 principio
1532 645 1730 686 faciamus

376 707 554 748 iudicem
585 715 627 747 et
657 706 850 755 docilem3
890 721 994 759 quae
1028 714 1124 747 sunt
1159 706 1293 755 utilia,
1333 707 1407 747 scd
1430 722 1513 748 non
1543 707 1730 763 principii

376 769 512 824 magis
537 768 706 823 propria
730 782 854 821 quam
884 768 1135 821 reliquarum
1165 769 1362 823 partium3
1400 769 1585 810 faciliora
1609 769 1731 810 etiam

376 830 419 870 in
443 830 653 886 principiis
659 830 806 883 ,quod
831 838 871 871 et
896 830 1040 871 attenti
1069 837 1156 870 tum
1182 846 1233 870 m
1226 830 1359 871 lximc
1387 839 1500 880 sunt,
1528 845 1621 872 cum
1646 846 1732 872 om-

376 892 445 932 nia
481 900 743 946 exspectant,
781 899 822 932 et
852 892 1005 933 dociles
1043 892 1177 947 magis
1214 891 1375 947 [initiis]
1410 908 1502 934 esse
1538 901 1730 962 possunt3

377 953 614 994 inlustriora
645 953 755 994 enim
787 961 900 1003 sunt,
939 968 1042 1007 quae
1073 953 1115 994 in
1150 954 1362 1009 principiis
1401 969 1523 1007 quam
1555 969 1659 1008 quae
1690 954 1732 994 in

378 1015 524 1056 mediis
551 1015 687 1056 causis
710 1015 901 1056 dicuntur
920 1023 990 1056 aut
1015 1016 1226 1070 arguendo
1250 1025 1318 1056 aut
1339 1016 1733 1057 refellendo—ma-

376 1077 532 1118 ximam
568 1084 706 1118 autem
739 1077 901 1133 copiam
935 1078 1232 1133 principiorum
1271 1079 1322 1118 ad
1354 1078 1530 1118 iudicem
1562 1087 1632 1118 aut
1662 1078 1733 1118 ad-

377 1139 600 1179 liciendum
637 1147 708 1180 aut
732 1139 986 1180 incitandum
1012 1155 1063 1180 ex
1095 1140 1153 1180 eis
1179 1139 1280 1180 locis
1318 1140 1546 1189 trahemus,
1585 1139 1655 1193 qui
1680 1140 1732 1180 ad

376 1209 513 1241 motus
558 1201 788 1242 animorum
830 1201 1107 1242 conficiendos
1154 1201 1318 1242 inerunt
1355 1202 1397 1241 in
1433 1216 1577 1250 eausa,
1628 1216 1731 1255 quos

377 1270 515 1303 tamen
559 1270 668 1304 totos
713 1263 910 1318 explicari
946 1264 988 1303 in
1022 1263 1225 1318 principio
1266 1279 1350 1304 non
1392 1263 1614 1318 oportebit,
1659 1264 1732 1303 scd

379 1332 539 1366 tantum
575 1325 731 1380 impelli
768 1326 946 1366 iudicem
982 1326 1115 1380 primo
1150 1325 1313 1374 leviter,
1350 1334 1395 1366 ut
1424 1326 1507 1365 iam
1537 1325 1731 1365 inclinato

377 1388 536 1441 reliqua
564 1388 777 1428 incumbat
807 1389 950 1429 oratio.
1011 1403 1215 1428 conexum
1246 1395 1384 1429 autem
1413 1388 1471 1429 ita
1502 1388 1552 1428 sit
1582 1387 1732 1442 princi-

376 1450 490 1503 pium
510 1450 779 1503 consequenti
798 1450 985 1499 orationi,
1000 1458 1046 1490 ut
1064 1466 1147 1491 non
1168 1458 1378 1504 tamquam
1398 1450 1621 1490 citharoedi
1638 1464 1732 1504 pro-

378 1512 557 1552 oemium
589 1513 783 1552 adfictum
810 1513 995 1565 aliquod,
1035 1513 1109 1553 sed
1134 1513 1359 1553 cohaerens
1385 1527 1478 1553 cum
1507 1511 1617 1553 omni
1643 1526 1732 1552 cor-

376 1588 476 1627 pore
501 1575 731 1615 membrum
757 1590 849 1615 esse
876 1575 1241 1615 videatur—nam
1264 1590 1347 1615 non
1372 1575 1485 1623 nulli,
1513 1589 1606 1614 cum
1631 1574 1733 1614 illud

376 1635 562 1676 meditati
594 1636 828 1683 ediderunt,
866 1636 925 1676 sie
956 1636 1009 1676 ad
1038 1637 1197 1689 reliqua
1222 1644 1454 1685 transeunt,
1493 1644 1538 1676 ut
1563 1635 1732 1676 audien-

377 1697 476 1737 tiam
511 1698 599 1738 fieri
637 1698 715 1738 sibi
751 1698 860 1739 nolle
898 1698 1114 1738 videantur
1150 1722 1206 1727 -—
1247 1706 1368 1752 atque
1401 1698 1488 1738 eius
1521 1698 1632 1738 modi
1662 1697 1733 1737 illa

376 1759 560 1813 prolusio
587 1760 710 1800 debet
730 1774 836 1809 esse,
865 1775 948 1800 non
967 1767 1013 1799 ut
1033 1758 1294 1808 Samnitium,
1322 1760 1390 1812 qui
1410 1760 1571 1800 vibrant
1590 1759 1730 1799 hastas

378 1829 472 1862 ante
501 1837 703 1876 pugnam,
741 1822 890 1875 quibus
916 1822 957 1861 in
983 1823 1213 1876 pugnando
1238 1822 1339 1862 nihil
1363 1829 1551 1870 utuntur,
1591 1820 1663 1861 sed
1689 1829 1732 1861 ut

376 1882 477 1938 ipsis
511 1884 744 1932 sententiis,
781 1884 928 1937 quibus
954 1884 1222 1939 proluserim,
1255 1885 1320 1924 vel
1344 1899 1530 1939 pugnare
1556 1884 1730 1938 possint.

456 1946 633 1986 Narrare
670 1961 768 1987 vero
811 1961 899 1986 rem
941 1947 1051 1999 quod
1094 1946 1271 1987 breviter
1313 1946 1474 1994 iubent,
1520 1946 1554 1985 si
1597 1946 1732 1986 brevi-

377 2014 439 2048 tas
466 2008 714 2063 appellanda
749 2016 830 2057 est,
868 2022 961 2048 cum
988 2009 1159 2049 verbum
1192 2008 1351 2048 nullum
1376 2009 1599 2058 redundat,
1639 2010 1732 2049 bre-

376 2069 438 2109 vis
465 2079 525 2110 est
552 2071 605 2111 L.
633 2069 778 2111 Crassi
803 2071 951 2120 oratio3
992 2071 1055 2111 sin
1082 2078 1168 2110 tum
1194 2078 1257 2110 est
1286 2070 1485 2119 brevitas,
1524 2085 1618 2111 cum
1643 2078 1732 2111 tan-

376 2140 463 2172 tum
482 2133 701 2173 verborum
721 2139 797 2181 est,
818 2140 1017 2185 quantum
1035 2146 1205 2172 necesse
1227 2139 1302 2180 est,
1327 2131 1546 2184 aliquando
1565 2132 1608 2172 id
1627 2147 1729 2186 opus

377 2202 457 2243 est3
485 2194 559 2235 sed
585 2209 709 2249 saepe
735 2194 854 2235 obest
879 2194 944 2234 vel
969 2194 1148 2234 maxime
1177 2194 1219 2234 in
1245 2194 1463 2242 narrando,
1489 2209 1572 2235 non
1598 2194 1730 2234 solum

377 2256 487 2309 quod
512 2256 806 2297 obscuritatem
832 2256 984 2304 adfert,
1022 2256 1096 2296 sed
1122 2256 1245 2296 etiam
1271 2256 1381 2308 quod
1407 2270 1498 2296 eam
1523 2255 1728 2303 virtutem,

377 2332 481 2370 quae
505 2317 750 2359 narrationis
772 2325 835 2359 est
858 2317 1051 2366 maxima,
1077 2324 1123 2358 ut
1141 2317 1321 2358 iucunda
1340 2326 1381 2358 et
1405 2317 1458 2359 ad
1478 2317 1730 2372 persuaden-

377 2380 474 2419 dum
500 2379 697 2420 adcurata
722 2380 792 2429 sit,
819 2380 937 2421 tollit.
997 2379 1165 2420 videant
1188 2379 1301 2420 illam

489 2458 586 2482 nam
609 2443 644 2484 is
670 2450 891 2497 postquam
916 2442 1095 2483 excessit
1121 2457 1171 2483 ex
1197 2442 1367 2497 ephebis
1395 2475 1403 2483 .
1420 2475 1428 2483 .
1446 2475 1454 2483 .
1472 2475 1480 2483 .

378 2518 500 2556 quam
536 2505 662 2559 longa
699 2512 763 2545 est
798 2503 996 2545 narratio!
1036 2519 1171 2545 mores
1210 2504 1485 2545 adulescentis
1522 2503 1650 2559 ipsius
1688 2510 1728 2543 et

380 2565 538 2606 servilis
570 2566 845 2620 percontatio,
883 2581 994 2607 mors
1022 2565 1261 2620 Chrysidis,
1300 2566 1436 2607 voltus
1462 2573 1502 2606 et
1531 2565 1663 2606 forma
1687 2572 1726 2603 et

379 2626 614 2668 lamentatio
641 2628 805 2676 sororis,
831 2628 989 2680 reliqua
1007 2627 1194 2682 pervarie
1214 2627 1471 2680 iucundeque
1496 2631 1724 2666 narrantur.

380 2687 525 2739 quodsi
552 2689 657 2728 hane
682 2689 926 2729 brevitatem
953 2688 1203 2741 quaesisset:
