1859 3069
445 214 512 248 DE
540 212 779 249 ORATORE
804 214 853 249 ΙΙ.
880 213 1075 248 166—177.
1380 205 1432 246 97

86 312 109 338 0
134 295 252 337 bonis
285 294 522 336 dissedisti.’
583 310 633 336 ex
660 294 796 336 causis
829 301 968 336 autem
996 309 1134 335 rerum
1166 294 1244 336 sic:
1284 294 1436 335 ‘avari-
1462 312 1508 336 171

86 359 185 399 tiam
210 357 245 398 si
270 358 411 399 tollere
437 357 581 407 voltis,
618 365 750 399 mater
780 357 867 399 eius
894 364 957 398 est
987 357 1186 407 tollenda,
1223 357 1434 398 luxuries.'

87 435 137 461 ex
164 420 222 461 eis
250 427 406 469 autem,
434 434 538 473 quae
565 427 660 460 sunt
684 427 774 462 orta
799 420 849 461 de
875 419 1029 461 causis:
1057 419 1110 460 ‘si
1135 419 1281 460 aerarii
1306 418 1435 473 copiis

85 489 126 524 et
161 482 214 522 ad
249 481 347 522 belli
390 481 628 522 adiumenta
663 488 705 522 et
740 482 793 523 ad
833 488 1074 523 ornamenta
1114 481 1228 536 pacis
1269 480 1434 530 utimur,

85 544 357 599 vectigalibus
385 544 641 585 serviamus?
701 544 859 585 maiora
889 551 1026 585 autem
1051 550 1092 584 et
1114 543 1274 585 minora
1299 551 1340 584 et
1361 559 1435 598 pa-
1461 560 1509 583 172

83 607 145 648 ria
181 606 511 661 comparabimus
549 606 626 647 sic:
663 622 715 647 ex
744 606 918 648 maiore:
958 606 1011 647 ‘si
1041 606 1152 647 bona
1187 605 1435 647 existimatio

85 669 237 710 divitiis
262 675 446 724 praestat
471 676 511 709 et
533 668 710 723 pecunia
734 675 847 710 tanto
873 683 997 723 opere
1022 668 1245 723 expetitur,
1282 674 1435 721 quanto

85 731 217 785 gloria
241 730 373 785 magis
400 737 463 771 est
487 729 737 785 expetenda!
747 730 756 747 '
783 746 834 772 ex
859 731 1035 771 minore:

423 792 509 832 ‘hic
532 806 685 846 parvae
712 792 1022 833 consuetudinis

169 869 295 895 eausa
320 854 439 895 huius
464 862 640 896 mortem
665 862 750 895 tam
774 855 854 895 fert
878 854 1151 895 familiariter:

169 917 268 970 quid
294 916 328 957 si
357 916 447 971 ipse
474 918 680 958 amasset?
705 917 805 970 quid
830 917 896 958 hic
920 917 1022 957 mihi
1046 916 1171 957 faciet
1193 915 1342 972 patri?’

84 995 135 1020 ex
159 979 269 1034 pari:
312 983 393 1020 ‘est
420 979 605 1020 eiusdem
631 986 671 1020 et
695 979 853 1034 cripere
884 987 925 1020 ct
949 987 1092 1020 contra
1114 994 1202 1020 rem
1225 977 1435 1034 publicam

83 1041 223 1096 largiri
247 1041 471 1096 pecunias?
532 1041 633 1082 foris
660 1048 797 1082 autem
823 1041 1096 1082 adsumuntur
1121 1056 1188 1090 ea,
1220 1054 1325 1094 quae
1349 1054 1433 1080 non
1459 1057 1507 1081 173

84 1118 159 1143 sua
184 1102 240 1151 vi,
280 1103 354 1144 sed
378 1110 575 1144 extranea
611 1103 897 1153 sublevantur,
934 1110 979 1144 ut
1004 1103 1124 1144 haec:
1163 1102 1260 1143 ‘hoc
1288 1116 1434 1143 verum

83 1172 162 1214 est3
207 1164 309 1205 dixit
345 1165 455 1205 0111111
492 1164 545 1217 Q.
583 1165 792 1206 Lutatius.
864 1165 943 1206 hoc
978 1165 1131 1206 falsum
1168 1171 1248 1214 est3
1293 1163 1434 1204 habita

83 1227 191 1267 enim
222 1227 408 1280 quaestio
445 1235 521 1269 est.
582 1228 660 1269 1100
687 1228 804 1281 sequi
838 1242 1010 1269 necesse
1042 1235 1123 1276 est,
1160 1226 1286 1268 recito
1323 1225 1433 1267 enim

84 1289 271 1330 tabulas?
333 1290 383 1330 de
409 1304 490 1343 quo
516 1305 669 1345 genere
695 1298 780 1332 toto
804 1290 929 1346 paulo
956 1297 1050 1331 ante
1077 1289 1174 1330 dixi.
1235 1288 1355 1337 11000,
1386 1295 1432 1328 ut
1455 1285 1506 1357 {1714

82 1351 325 1392 brevissime
352 1351 433 1392 dici
456 1359 695 1406 potuerunt,
732 1353 789 1394 ita
815 1368 838 1393 a
863 1367 928 1393 me
955 1352 1065 1393 dicta
1097 1359 1210 1401 sunt3
1247 1358 1293 1391 ut
1322 1350 1432 1391 enim'

84 1412 118 1452 si
155 1428 299 1452 aurum
336 1413 418 1462 cui,
456 1414 568 1467 quod
603 1421 716 1455 essct
751 1414 1019 1455 multifariam
1050 1414 1283 1462 defossum,
1321 1427 1432 1454 com-

83 1482 313 1515 monstrare
338 1475 506 1525 vellem,
545 1476 644 1517 satis
671 1492 763 1517 esse
801 1477 987 1526 deberet,
1027 1477 1061 1517 si
1098 1476 1218 1531 signa
1241 1482 1282 1517 et
1311 1482 1431 1516 notas

84 1537 343 1577 ostenderem
368 1537 570 1588 locorum,
608 1538 756 1591 quibus
784 1539 958 1594 cognitis
983 1538 1074 1593 ipse
1105 1538 1184 1579 sibi
1208 1538 1368 1579 foderet
1392 1545 1433 1578 et

82 1599 142 1647 id,
169 1599 281 1651 quod
305 1599 447 1648 vellet,
472 1615 601 1654 parvo
626 1601 786 1650 labore,
812 1601 925 1642 nullo
951 1615 1100 1650 errore,
1126 1600 1346 1649 inveniret3
1374 1599 1432 1640 sic

82 1661 157 1701 has
179 1676 256 1715 ego
277 1673 612 1715 argumentorum
625 1666 645 1715 †
658 1663 755 1704 novi
768 1670 887 1704 notas
907 1663 1120 1716 quaerenti
1139 1661 1431 1710 demonstravi,

85 1721 172 1776 [ubi
199 1721 297 1777 sint]
327 1723 479 1777 exigua
504 1738 602 1765 cura
627 1732 667 1765 et
692 1725 940 1779 cogitatione
971 1731 1185 1774 cruuntur3
1223 1724 1334 1777 quod
1359 1739 1431 1764 au-
1458 1737 1505 1761 175

81 1792 164 1824 tem
196 1793 532 1839 argumentorum
568 1801 700 1841 genus
739 1787 886 1840 cuique
924 1801 1143 1827 causarum
1174 1786 1315 1841 generi
1344 1801 1433 1826 ma-

81 1846 191 1887 xime
230 1847 465 1897 conveniat,
504 1863 589 1889 non
624 1856 688 1889 cst
723 1849 821 1890 artis
865 1848 1095 1902 exquisitae
1137 1848 1431 1903 praescribere,

82 1909 155 1948 sed
180 1916 242 1949 est
272 1909 490 1951 mediocris
527 1910 683 1965 ingenii
713 1911 914 1959 iudicare,
953 1925 1088 1964 neque
1120 1910 1229 1950 enim
1258 1909 1434 1950 nuncid

82 1970 262 2023 agimus,
299 1979 344 2011 ut
379 1979 508 2013 artem
544 1973 725 2027 aliquam
761 1973 925 2015 dicendi
965 1973 1240 2028 explicemus,
1279 1972 1352 2012 sed
1388 1979 1434 2012 ut

84 2032 332 2073 doctissimis
370 2033 606 2076 hominibus
643 2051 744 2076 usus
781 2035 913 2077 nostri
949 2034 1068 2088 quasi
1105 2034 1309 2087 quaedam
1344 2048 1434 2074 mo-

81 2093 167 2133 nita
191 2094 414 2136 tradamus.
474 2096 537 2138 his
574 2096 700 2152 igitur
729 2097 830 2139 locis
867 2097 910 2137 in
944 2104 1082 2138 mente
1113 2104 1155 2137 et
1184 2095 1432 2150 cogitatione

83 2155 227 2195 defixis
265 2164 306 2196 et
344 2156 387 2197 in
435 2158 546 2199 0111111
592 2174 636 2199 10
679 2159 733 2200 0(1
779 2159 999 2200 dicendum
1045 2158 1183 2213 posita
1229 2156 1431 2205 excitatis,

82 2216 182 2256 nihil
219 2217 295 2258 erit
331 2219 442 2271 quod
477 2227 682 2261 oratorem
721 2221 906 2275 effugere
943 2220 1077 2275 possit
1111 2235 1195 2261 non
1230 2219 1353 2261 modo
1389 2219 1434 2259 in

82 2278 314 2320 forensibus
353 2280 738 2336 disceptationibus,
772 2283 846 2324 sed
883 2283 1051 2324 omnino
1081 2282 1124 2323 in
1159 2282 1245 2323 ullo
1277 2297 1430 2337 genere

82 2340 255 2381 dicendi.
331 2340 383 2395 [si
420 2358 517 2383 vero
555 2344 825 2397 adsequetur,
868 2352 914 2385 ut
950 2344 1042 2385 talis
1079 2344 1286 2394 videatur,
1329 2358 1430 2398 qua-
1455 2355 1503 2380 1715

80 2401 161 2442 lem
188 2417 231 2443 se
265 2403 394 2444 videri
425 2404 542 2454 velit,
580 2412 620 2446 et
644 2406 802 2447 animos
834 2421 977 2447 eorum
1014 2406 1072 2447 ita
1102 2406 1283 2456 adficiat,
1321 2406 1432 2462 apud

82 2479 183 2517 quos
204 2473 311 2519 aget,
336 2473 382 2506 ut
401 2482 485 2516 eos,
512 2474 772 2521 quocumque
792 2468 903 2518 velit,
930 2468 995 2509 vel
1016 2468 1177 2510 trahere
1202 2469 1268 2510 vel
1286 2483 1431 2524 rapere

79 2526 228 2580 possit,
254 2527 355 2567 nihil
379 2528 564 2583 profecto
587 2537 801 2584 praeterea
826 2530 879 2570 ad
903 2530 1123 2571 dicendum
1152 2529 1364 2586 requiret.]

157 2588 246 2628 Iam
282 2588 385 2629 illud
420 2590 608 2632 videmus
651 2606 918 2645 nequaquam
955 2592 1054 2633 satis
1097 2607 1210 2642 esse,
1250 2592 1430 2647 reperire

80 2649 178 2702 quid
215 2650 346 2700 dicas,
388 2651 467 2692 nisi
502 2652 546 2693 id
579 2652 792 2694 inventum
829 2661 1003 2695 tractare
1039 2654 1195 2709 possis;
1240 2654 1426 2696 tractatio
1456 2672 1503 2697 177

81 2718 216 2752 autem
235 2712 349 2754 varia
367 2728 459 2755 esse
480 2714 613 2765 debet,
639 2730 690 2756 ne
717 2722 786 2756 aut
806 2722 1030 2772 cognoscat
1048 2723 1177 2757 artem
1202 2716 1272 2770 qui
1291 2717 1430 2758 audiat

152 2778 296 2806 Ciceronis
310 2780 362 2807 rol.
380 2779 413 2807 ΙΙ.
1182 2787 1199 2815 7
