1859 3069
310 475 337 498 17

305 1031 334 1055 19

305 1219 337 1240 :20

315 1776 330 1799 Ιυ

360 181 442 222 378
771 189 819 222 Μ.
847 187 1023 222 'rIJLLH
1051 187 1317 222 CICERONIS

360 271 421 311 vir
452 271 605 325 legavit
645 275 861 323 argentum
899 282 1039 316 omne,
1077 268 1188 321 quod
1225 283 1346 308 suum
1379 280 1507 318 esset,
1546 271 1710 317 ideireo,

359 348 464 386 quae
502 333 543 372 in
579 330 815 372 nominibus
848 330 1032 377 fuerunt,
1072 330 1210 384 legata
1248 337 1361 379 sunt,
1399 332 1573 372 multum
1605 334 1712 373 enim

359 395 497 435 differt
522 394 563 433 in
589 408 736 434 arcane
774 392 956 447 positum
982 392 1035 433 sit
1071 400 1288 447 argentum
1321 409 1374 433 an
1398 393 1439 434 in
1467 395 1616 436 tabulis
1643 397 1713 436 de-

358 457 514 497 beatur.
575 471 626 496 ex
669 455 873 495 contrario
912 462 1050 495 autem
1088 455 1164 496 sie:
1203 470 1286 496 non
1322 456 1446 497 debet
1476 472 1525 497 ea
1554 458 1711 506 mulier,

358 519 420 559 eui
449 519 509 559 vir
534 519 736 558 bonorum
762 533 929 558 suorum
955 533 1079 558 usum
1104 519 1284 558 fructum
1308 518 1482 573 legavit,
1515 520 1628 560 cellis
1655 521 1712 560 vi-

356 581 480 621 nariis
514 589 553 620 et
591 580 753 620 oleariis
791 580 924 635 plenis
961 580 1133 629 relictis,
1171 589 1319 635 putare
1357 581 1399 621 id
1430 582 1482 621 ad
1513 597 1557 622 se
1589 583 1713 636 perti-

356 658 473 691 nere3
500 657 601 682 usus
628 642 756 690 enim,
784 657 867 683 non
893 643 1067 690 abusus,
1106 641 1268 696 legatus
1295 651 1376 683 est:
1415 658 1464 683 ea
1489 651 1585 683 sunt
1608 643 1713 684 inter

361 720 404 745 se
445 704 662 745 contraria.
729 705 780 744 ab
820 704 1042 744 adiunctis:
1082 704 1117 744 si
1153 719 1202 744 ea
1238 704 1384 745 mulier
1421 712 1714 746 testamentum

355 767 470 815 feeit,
498 782 603 819 quae
630 782 674 807 se
700 766 834 821 eapite
866 781 1092 819 numquam
1117 766 1334 813 deminuit,
1368 782 1450 807 non
1476 767 1637 807 ridetur
1663 783 1713 808 ex

355 829 489 869 edieto
524 827 767 883 [praetoris]
810 829 1037 870 seeundum
1077 843 1146 868 eas
1174 828 1335 868 tabulas
1366 829 1579 884 possessio
1606 830 1712 878 dari3

355 891 604 945 adiungetur
630 891 758 940 enim,
798 899 843 931 ut
868 891 1094 931 seeundum
1124 905 1355 939 servorum,
1389 892 1617 931 seeundum
1643 906 1713 932 ex-

357 954 510 1001 sulum,
551 954 778 994 seeundum
816 969 1038 1008 puerorum
1076 953 1239 993 tabulas
1275 953 1487 1008 possessio
1525 954 1713 994 videatur

355 1032 406 1056 ex
431 1016 565 1057 edieto
597 1016 697 1056 dari.
765 1017 816 1056 ab
843 1016 1181 1056 antecedentibus
1225 1024 1363 1055 autem
1389 1024 1429 1055 et
1455 1030 1712 1069 consequen-

356 1078 465 1118 tibus
492 1086 531 1118 et
556 1078 884 1132 repugnantibus
911 1077 989 1117 hoe
1020 1077 1161 1118 modo:
1201 1078 1252 1117 ab
1279 1078 1638 1119 antecedentibus:
1677 1079 1710 1119 si

355 1139 431 1179 viri
456 1140 577 1194 eulpa
602 1141 757 1180 faetum
783 1148 846 1180 est
871 1139 1111 1187 divortium,
1150 1140 1226 1179 etsi
1253 1140 1399 1179 mulier
1435 1140 1623 1180 nuntium
1649 1156 1711 1180 re-

359 1202 485 1250 misit,
524 1210 661 1242 tamen
688 1217 763 1256 pro
788 1201 928 1241 liberis
954 1216 1120 1241 manere
1157 1201 1257 1241 nihil
1284 1210 1457 1256 oportet.
1519 1219 1542 1242 a
1567 1217 1711 1243 eonse-

356 1263 595 1316 quentibus:
629 1264 662 1303 si
689 1264 853 1311 mulier,
888 1278 978 1303 eum
1006 1264 1154 1303 suisset
1179 1272 1308 1317 nupta
1334 1278 1427 1303 eum
1453 1279 1519 1309 eo,
1547 1265 1711 1317 quieum

352 1326 574 1366 conubium
599 1342 681 1366 non
708 1333 835 1374 esset,
862 1325 1052 1365 nuntium
1076 1325 1254 1373 remisit,
1293 1325 1505 1377 quoniam,
1533 1327 1603 1379 qui
1627 1327 1711 1367 nati

354 1395 468 1435 sunt,
513 1396 673 1441 patrem
708 1402 792 1427 non
832 1395 1077 1439 sequuntur,
1120 1402 1195 1441 pro
1231 1387 1370 1427 liberis
1408 1403 1574 1428 manere
1611 1389 1711 1428 nihil

301 1467 315 1488 z
353 1459 526 1504 oportet.
588 1466 610 1490 a
640 1449 988 1504 repugnantibus:
1017 1449 1051 1489 si
1075 1449 1373 1504 paterfamilias
1399 1450 1518 1490 uxori
1544 1451 1711 1490 aneilla-

352 1527 444 1551 rum
479 1526 601 1553 usum
640 1512 819 1551 fructum
856 1511 1010 1565 legarit
1044 1527 1067 1551 a
1098 1511 1180 1551 filio
1212 1525 1346 1563 neque
1372 1527 1393 1551 a
1422 1513 1603 1553 seeundo
1640 1512 1710 1553 he.—

351 1574 449 1614 rede
474 1574 641 1628 legavit,
668 1582 830 1614 mortuo
856 1573 939 1614 filio
965 1573 1112 1613 mulier
1131 1588 1253 1613 usum
1280 1574 1458 1613 fructum
1484 1589 1566 1614 non
1592 1574 1709 1614 amit-

350 1636 415 1685 tit3
449 1637 558 1688 quod
584 1636 693 1676 enim
720 1636 847 1676 semel
873 1643 1121 1676 testamento
1160 1635 1280 1676 alieui
1308 1636 1450 1676 datum
1478 1644 1559 1685 est,
1590 1637 1632 1676 id
1658 1638 1709 1677 ab

350 1714 398 1739 eo
442 1698 588 1745 inxito,
634 1698 698 1738 eui
736 1698 877 1738 datum
915 1706 995 1745 est,
1042 1697 1193 1737 auferri
1234 1713 1315 1737 non
1352 1706 1507 1752 potest3
1551 1706 1710 1752 pugnat

298 1777 321 1799 2·
350 1759 458 1800 enim
484 1768 594 1800 reete
621 1760 807 1815 aeeipere
841 1768 881 1800 et
905 1759 1079 1799 invitum
1104 1759 1290 1799 reddere.
1354 1760 1406 1799 ab
1432 1759 1708 1800 efficientibus

350 1822 472 1861 rebus
502 1822 579 1862 hoe
604 1822 748 1862 modo:
788 1821 979 1861 omnibus
1018 1829 1079 1861 est
1106 1821 1167 1860 ius
1194 1821 1393 1875 parietem
1431 1821 1630 1861 directum
1657 1822 1709 1861 ad

351 1884 551 1938 parietem
588 1899 850 1925 communem
877 1884 1102 1938 adiungere
1134 1884 1199 1923 vel
1237 1883 1414 1923 solidum
1441 1884 1505 1923 vel
1532 1884 1708 1923 forniea-

350 1958 454 1995 tum3
495 1947 568 1987 sed
594 1947 664 1999 qui
689 1947 731 1986 in
756 1946 912 2001 pariete
939 1945 1147 1986 communi
1185 1945 1445 1985 demoliendo
1483 1946 1622 1985 damni
1648 1946 1708 1985 in-

350 2008 446 2048 seeti
472 2008 726 2062 promiserit,
765 2023 848 2049 non
874 2007 1039 2048 debebit
1067 2015 1296 2062 praestare,
1324 2008 1436 2059 quod
1460 2007 1595 2047 fornix
1622 2008 1707 2047 vitii

349 2070 511 2119 t'eeerit3
549 2085 632 2110 non
659 2070 768 2110 enim
795 2070 882 2110 eius
912 2068 1118 2124 [parietis]
1148 2069 1264 2114 vitio,
1291 2069 1360 2121 qui
1386 2069 1604 2109 demolitus
1631 2079 1706 2117 est,

348 2133 545 2172 damnum
572 2133 727 2172 factum
753 2141 835 2181 est,
864 2132 938 2172 sed
963 2132 1051 2172 eius
1078 2131 1214 2186 operis
1242 2131 1353 2179 vitio,
1380 2131 1491 2184 quod
1515 2131 1572 2171 ita
1596 2131 1707 2171 aedi-

297 2213 311 2225 ⁴›
349 2196 514 2235 fieatum
552 2204 634 2243 est,
673 2202 720 2234 ut
757 2193 956 2248 suspendi
981 2209 1063 2235 non
1100 2193 1245 2248 possit.
1307 2194 1358 2233 ab
1384 2194 1542 2234 effoetis
1579 2194 1703 2233 rebus

348 2256 425 2297 boe
450 2257 593 2298 modo:
633 2272 724 2297 eum
751 2256 897 2297 mulier
933 2256 1021 2297 viro
1047 2256 1088 2296 in
1114 2271 1281 2296 manum
1307 2256 1516 2304 convenit,
1555 2256 1704 2302 onmia,

348 2334 453 2371 quae
478 2319 661 2359 mulieris
700 2320 885 2367 fuerunt,
924 2319 1000 2358 viri
1026 2319 1127 2357 fiunt
1154 2318 1260 2358 dotis
1297 2317 1475 2357 nomine.
1518 2332 1569 2357 ex
1596 2331 1706 2356 eom-

350 2381 560 2434 paratione
604 2390 741 2421 autem
785 2381 924 2422 onmia
966 2380 1123 2429 valent,
1168 2394 1273 2432 quae
1311 2387 1407 2419 sunt
1444 2379 1531 2419 eius
1574 2379 1703 2420 modi:

349 2443 458 2493 quod
482 2443 524 2483 in
549 2459 592 2483 re
617 2444 771 2484 maiore
798 2443 925 2492 valet,
958 2443 1094 2483 valeat
1118 2442 1160 2482 in
1186 2442 1362 2491 minore,
1388 2450 1451 2489 ut,
1479 2441 1513 2482 si
1538 2441 1580 2481 in
1604 2442 1704 2482 urbe

350 2504 450 2543 fines
488 2520 570 2545 non
602 2513 819 2559 regantur,
857 2520 908 2545 ne
946 2519 1053 2557 aqua
1089 2504 1254 2557 quidem
1292 2504 1333 2544 in
1364 2505 1465 2544 urbe
1504 2513 1702 2544 arceatur.

350 2565 445 2604 item
483 2576 644 2607 eontra:
687 2567 797 2620 quod
834 2567 875 2606 in
911 2567 1072 2607 minore
1110 2566 1237 2615 valet,
1281 2566 1416 2606 valeat
1452 2566 1493 2605 in
1536 2565 1702 2606 maiore.

350 2625 443 2665 lieet⁴
468 2626 575 2667 idem
608 2629 844 2683 exemplum
878 2636 1130 2669 convertere.
1192 2628 1308 2668 item:
1329 2628 1456 2680 quod
1482 2627 1521 2667 in
1546 2642 1589 2668 re
1615 2626 1703 2681 pari

351 2687 477 2735 valet,
517 2690 648 2729 valeat
686 2691 726 2730 in
765 2691 859 2740 bae,
898 2706 1003 2743 quae
1040 2706 1114 2745 par
1151 2699 1231 2739 ost3
1270 2698 1331 2731 ut:
1371 2690 1565 2743 quoniam
1602 2703 1701 2729 usus
