1859 3069
499 227 567 263 DE
595 227 834 263 ORATORE
860 228 927 262 III.
954 226 1157 261 146—155.
1424 218 1502 258 177

150 310 242 365 ipsi.
301 308 343 350 in
367 309 544 365 propriis
569 309 695 364 igitur
720 317 784 351 est
810 307 986 364 [verbis]
1013 308 1083 349 illa
1112 308 1203 349 laus
1230 307 1424 357 oratoris,
1455 315 1499 347 ut

151 370 311 412 abiecta
336 378 458 425 atque
485 371 673 413 obsoleta
696 371 843 426 fugiat,
869 370 986 412 lectis
1006 377 1129 424 atque
1147 369 1389 411 inlustribus
1414 377 1505 410 uta-

151 441 234 483 tur,
271 433 314 474 in
338 434 488 487 quibus
524 434 694 489 plenum
730 433 927 486 quiddam
953 439 994 474 et
1018 447 1171 474 sonans
1202 431 1340 474 inesse
1365 431 1506 473 videa-

150 503 228 536 tur.
290 496 364 537 sed
387 495 429 535 in
455 495 534 537 hoc
559 496 780 537 verborum
815 509 967 550 genere
996 492 1292 550 [propriorum]
1320 494 1504 535 delectus

152 565 217 599 est
252 557 467 599 habendus
506 557 674 611 quidam
711 564 834 611 atque
869 557 904 597 is
943 556 1103 597 aurium
1140 557 1320 610 quodam
1354 556 1505 597 iudicio

149 619 443 675 ponderandus
469 627 530 660 est
539 635 549 669 3
576 619 618 659 in
643 634 724 672 quo
750 618 1006 660 consuetudo
1033 618 1157 659 etiam
1182 618 1287 659 bene
1311 618 1506 671 loquendi

152 681 265 722 valet
298 681 540 736 plurimum3
577 681 717 733 itaque
753 680 851 729 hoc,
889 679 1000 733 quod
1036 679 1160 734 volgo
1193 679 1243 721 dc
1274 680 1505 722 oratoribus

154 745 205 785 ab
230 744 430 800 imperitis
457 744 536 784 dici
563 744 668 785 solet
693 742 832 784 ‘bonis
852 742 919 783 1110
944 742 1107 792 verbis,'
1136 750 1207 783 aut
1231 743 1397 796 ‘aliquis
1423 759 1507 785 non

152 807 271 848 bonis
315 806 481 855 utitur,'
525 821 609 847 non
651 811 739 845 arte
782 804 920 857 aliqua
960 805 1260 859 perpendstmff
1290 805 1365 846 sed
1405 820 1507 859 quo-

152 869 249 909 dam
280 868 398 921 quasi
427 866 605 907 naturali
642 880 768 907 sensu
797 865 1019 906 iudicatur:
1055 865 1098 906 in
1129 880 1210 918 quo
1246 881 1330 907 non
1354 882 1507 922 magna

149 930 239 970 laus
266 936 329 970 cst
358 928 487 969 vitare
525 927 689 976 vitium,
726 941 978 980 quamquam
1014 933 1078 967 est
1108 942 1326 981 magnum,
1363 943 1508 969 verum

107 1032 112 1034 .
150 998 288 1031 tamen
324 990 403 1032 hoc
439 989 557 1043 quasi
595 989 729 1030 solum
771 988 982 1042 quoddam
1024 995 1147 1042 atque
1189 989 1507 1030 fundamentum

151 1060 232 1101 est,
275 1052 496 1092 verborum
532 1066 632 1092 usus
671 1058 712 1091 et
749 1050 869 1105 copia
902 1050 1125 1100 bonorum3
1171 1050 1246 1091 sed
1281 1050 1381 1104 quid
1415 1051 1505 1106 ipse
1550 1070 1579 1094 32

149 1113 338 1154 aedificet
373 1120 509 1154 orator
534 1119 575 1153 et
599 1112 642 1153 in
667 1127 748 1165 quo
775 1112 975 1166 adiungat
1006 1119 1155 1162 artem,
1192 1111 1235 1152 id
1267 1126 1360 1153 esse
1384 1112 1505 1154 nobis

152 1174 434 1228 quaerendum
461 1173 603 1229 [atque
630 1173 940 1229 explicandum]
968 1174 1143 1215 videtur.
1204 1172 1283 1215 tria
1308 1180 1405 1215 sunt
1427 1174 1506 1229 igi-

149 1246 213 1278 tur
237 1237 280 1278 in
309 1237 436 1278 verbo
469 1236 664 1291 simplici,
703 1250 808 1290 quae
846 1243 984 1278 orator
1015 1236 1177 1277 adferat
1201 1235 1254 1276 ad
1283 1235 1507 1278 inlustran-

151 1299 245 1339 dam
277 1305 399 1352 atque
436 1298 719 1339 exornandam
755 1298 1003 1340 orationem:
1042 1304 1113 1339 aut
1142 1297 1386 1339 inusitatum
1415 1313 1507 1340 vcr-

149 1361 249 1401 bum
275 1368 345 1401 aut
367 1366 567 1401 novatum
592 1366 663 1400 aut
698 1360 956 1402 translatum.
1015 1359 1213 1401 inusitata
1238 1367 1335 1401 sunt
1369 1360 1507 1415 prisca

150 1423 236 1463 fere
262 1436 310 1463 ac
334 1428 539 1463 vetustate
565 1422 616 1462 ab
641 1436 720 1462 usu
740 1421 933 1463 cotidiani
953 1422 1153 1464 sermonis
1179 1422 1263 1463 iam
1287 1422 1358 1462 diu
1381 1422 1507 1463 inter-

151 1484 299 1533 missa,
336 1498 442 1537 quae
469 1489 565 1524 sunt
599 1486 817 1538 poetarum
852 1483 1042 1526 licentiae
1066 1483 1259 1525 liberiora
1283 1498 1406 1537 quam
1432 1499 1506 1525 no-

151 1554 278 1594 strae3
318 1545 392 1586 sed
417 1553 556 1586 tamen
578 1560 671 1586 raro
697 1545 823 1586 habet
852 1544 977 1586 etiam
1006 1545 1049 1586 in
1080 1545 1265 1587 oratione
1295 1546 1504 1601 poeticum

151 1608 317 1661 aliquod
352 1608 526 1648 verbum
562 1606 819 1662 dignitatem.
879 1621 1013 1659 neque
1050 1607 1158 1648 enim
1194 1607 1297 1648 illud
1326 1608 1506 1663 fugerim

149 1669 303 1718 dicere,
346 1677 392 1710 ut
429 1667 598 1710 Caelius
636 1672 738 1722 ‘qua
774 1675 1021 1723 tempestate
1055 1669 1225 1710 Poenus
1261 1669 1305 1710 in
1339 1669 1505 1711 Italiam

148 1730 286 1779 venit?
307 1744 384 1772 1100
404 1730 587 1785 ‘prolem’
610 1737 681 1771 aut
700 1730 914 1771 ‘subolem’
936 1737 1006 1771 aut
1027 1730 1128 1770 ‘fari’
1149 1737 1220 1771 aut
1240 1732 1503 1786 ‘nuncupare’

149 1799 230 1841 aut,
252 1799 299 1833 ut
317 1799 361 1833 tu
381 1792 504 1842 soles,
527 1791 690 1842 Catule,
713 1796 809 1833 ‘non
827 1792 959 1834 rebar’
982 1799 1051 1833 aut
1071 1791 1315 1846 ‘opinabar3'
1337 1800 1408 1833 aut
1426 1793 1506 1834 alia

148 1854 296 1904 multa,
335 1855 483 1909 quibus
509 1854 772 1910 locopositis
802 1854 998 1910 grandior
1029 1862 1152 1908 atque
1184 1854 1389 1908 antiquior
1413 1870 1505 1898 ora-

148 1916 204 1957 tio
231 1931 354 1971 saepe
380 1916 511 1958 videri
543 1917 661 1958 solet.
721 1924 928 1958 novantur
964 1923 1103 1958 autem
1139 1916 1283 1965 verba,
1321 1931 1426 1969 quae
1452 1918 1504 1958 ab

149 1993 217 2026 co,
255 1978 325 2030 qui
350 1978 466 2028 dicit,
503 1978 595 2034 ipso
620 1979 849 2035 gignuntur
874 1993 922 2021 ac
946 1979 1070 2029 fiunt,
1107 1979 1174 2021 vel
1205 1978 1504 2034 coniungendis

149 2039 305 2089 verbis,
332 2046 378 2080 ut
402 2039 524 2081 hacc:

204 2108 291 2141 tum
310 2116 441 2156 pavor
461 2102 707 2158 sapientiam
726 2118 892 2146 omnem
910 2104 968 2144 mi
989 2103 1224 2145 exanimato
1250 2111 1503 2160 expectorat.

204 2179 302 2203 num
328 2179 411 2205 non
435 2164 498 2205 vis
523 2165 644 2206 huius
670 2181 736 2207 me
762 2167 1066 2220 versutiloquas
1091 2166 1269 2208 malitias
1295 2198 1407 2208 .....

149 2225 296 2265 videtis
317 2225 427 2266 enim
452 2233 492 2267 et
517 2227 857 2281 ‘versutiloquas’
886 2235 928 2269 et
953 2227 1229 2283 ‘expectorat’
1257 2243 1309 2269 ex
1334 2228 1505 2270 coniun-

149 2287 282 2328 ctione
307 2288 417 2328 sacta
442 2302 535 2329 esse
560 2289 704 2338 verba,
742 2305 826 2331 non
850 2297 964 2339 nata3
1001 2289 1068 2331 vel
1102 2288 1265 2345 [saepe]
1294 2289 1382 2331 sine
1408 2304 1505 2332 con-

148 2348 354 2389 iunctione
371 2347 517 2403 [verba
534 2350 758 2406 novantur]
774 2358 820 2392 ut
833 2351 919 2392 ‘ille
934 2351 1073 2393 senius
1087 2366 1139 2392 ne
1153 2351 1369 2402 desertus,’
1384 2359 1431 2392 ut
1450 2352 1505 2393 ‘di

148 2411 384 2465 ge11itales,'
410 2419 455 2452 ut
481 2412 695 2453 ‘bacarum
715 2414 902 2454 ubertate
922 2413 1236 2454 incurvescere?
1269 2413 1413 2455 tertius
1433 2414 1501 2455 ille

148 2474 296 2514 modus
324 2475 600 2516 transferendi
626 2475 740 2517 verbi
764 2475 846 2517 late
870 2483 1003 2531 patet,
1030 2490 1154 2529 quem
1177 2475 1405 2517 necessitas
1431 2491 1504 2531 gc-

148 2535 237 2575 nuit
274 2536 414 2591 inopia
449 2544 593 2578 coacta
629 2545 669 2578 ct
705 2538 927 2592 angustiis,
965 2545 1061 2593 post
1096 2544 1234 2578 autem
1269 2538 1503 2579 iucunditas

149 2597 451 2652 delectatioque
489 2598 730 2649 celebravit3
774 2615 870 2640 nam
904 2607 951 2641 ut
986 2599 1114 2641 vestis
1152 2599 1318 2655 frigoris
1362 2600 1503 2655 depel-

148 2658 259 2700 lendi
291 2674 417 2701 causa
446 2668 610 2717 reperta
644 2662 796 2716 primo,
834 2670 929 2717 post
961 2661 1148 2703 adhiberi
1184 2668 1332 2717 coepta
1362 2663 1503 2703 estad

149 2729 338 2762 ornatum
365 2723 488 2764 etiam
514 2724 696 2780 corporis
724 2732 764 2765 et
790 2725 1048 2780 dignitatem,
1075 2724 1133 2765 sic
1153 2724 1268 2765 verbi
1288 2725 1502 2766 translatio

218 2789 362 2816 Ciceronis
377 2791 428 2816 ves.
449 2789 481 2816 11.
1235 2791 1273 2824 1²2

1530 321 1578 345 150

1532 699 1578 722 151

1533 1376 1581 1400 153

1532 1935 1578 1958 154

1528 2434 1576 2458 155
