1859 3069
448 228 516 262 DE
544 227 782 264 ORATORE
807 229 836 263 Ι.
861 227 1068 263 200-207,
1162 252 1175 263 ,
1374 217 1430 257 43

85 328 209 370 posse
235 311 386 368 exponi
410 318 494 352 tam
529 310 662 359 brevi,
698 309 963 350 vehementer
995 315 1104 350 errat
1138 321 1272 360 neque
1297 306 1431 347 solum

85 375 345 416 inscientiam
367 389 515 422 meam,
544 373 617 414 sed
641 387 692 413 ne
716 372 775 413 rei
801 372 966 425 quidem
990 370 1315 425 magnitudinem
1339 384 1432 424 per-

88 438 224 492 spicit:
252 437 443 490 equidem
468 435 600 485 vobis,
628 434 821 488 quoniam
845 433 902 474 ita
925 433 1126 482 voluistis,
1151 432 1296 481 fontis,
1322 431 1431 472 unde

88 499 327 548 hauriretis,
372 506 494 551 atque
536 497 684 538 itinera
723 497 816 552 ipsa
849 496 907 536 ita
948 495 1089 550 putavi
1130 509 1222 535 esse
1264 494 1434 535 demon-

89 561 275 610 stranda,
301 575 384 601 non
409 568 454 600 ut
478 560 568 614 ipse
593 559 677 599 dux
701 573 855 607 essem,
882 557 993 611 quod
1016 564 1057 597 et
1079 556 1283 597 infinitum
1307 563 1370 596 est
1394 563 1436 596 et

88 638 171 663 non
207 622 506 671 necessarium,
545 621 620 662 sed
650 628 695 661 ut
731 628 1098 661 commonstrarem
1131 626 1291 659 tantum
1325 618 1436 658 viam

90 694 148 734 et,
174 693 217 725 ut
242 684 331 725 fieri
356 684 478 733 solet,
505 683 679 738 digitum
703 683 756 722 ad
779 681 904 723 fontis
930 680 1209 722 intenderem.’

171 747 296 787 ‘Mihi
318 746 432 787 vero'
459 745 591 798 inquit
607 744 775 785 Blucius
802 744 921 784 ‘satis
943 758 1146 798 superque
1167 743 1240 784 abs
1265 747 1305 783 te
1324 741 1438 783 vide-

91 819 155 849 tur
179 808 351 849 istorum
376 808 540 855 studiis,
579 807 614 847 si
637 806 760 847 modo
787 814 882 846 sunt
907 806 1100 854 studiosi,
1138 820 1231 846 esse
1261 805 1435 854 factum3

91 887 206 919 nam,
243 878 289 910 ut
315 869 529 910 Socratem
553 868 670 908 illum
707 867 873 908 solitum
898 867 1013 908 aiunt
1043 868 1178 908 dicere
1206 867 1436 922 perfectum

92 932 171 973 sibi
195 947 298 985 opus
325 945 436 979 esse,
475 930 510 970 si
534 930 603 983 qui
628 929 727 970 satis
753 937 865 970 esset
899 929 1126 970 concitatus
1158 929 1438 970 cohortatione

92 1009 167 1034 sua
202 993 255 1033 ad
291 992 472 1033 studium
508 991 821 1046 cognoscendae
856 992 1225 1047 percipiendaeque
1255 991 1436 1039 virtutis3

91 1055 240 1108 quibus
271 1054 381 1095 enim
410 1054 453 1094 id
488 1068 735 1108 persuasum
771 1062 900 1103 esset,
938 1062 983 1094 ut
1012 1054 1112 1094 nihil
1148 1053 1316 1094 mallent
1346 1067 1439 1093 essc

92 1132 154 1166 se,
192 1132 316 1170 quam
340 1117 471 1157 bonos
498 1116 627 1165 viros,
665 1116 723 1157 eis
748 1116 948 1169 reliquam
978 1116 1142 1156 facilem
1173 1130 1265 1156 esse
1290 1114 1439 1156 doetri-

90 1195 204 1229 nam3
243 1179 302 1220 sic
333 1194 411 1233 ego
441 1179 657 1234 intellego,
696 1179 731 1219 si
761 1178 804 1219 in
834 1179 956 1228 haec,
994 1194 1099 1232 quae
1130 1178 1324 1233 patefecit
1348 1193 1438 1219 ora-

90 1242 200 1282 tione
226 1257 301 1282 sua
328 1240 527 1290 Crassus,
554 1241 705 1281 intrare
731 1241 956 1289 volueritis,
982 1241 1175 1281 facillime
1201 1256 1274 1282 vos
1300 1241 1353 1281 ad
1377 1256 1437 1289 ea,

90 1318 196 1357 quae
233 1303 400 1358 cupitis,
437 1311 709 1358 perventuros
748 1304 799 1343 ab
835 1303 913 1343 11οο
945 1303 1057 1343 aditu
1092 1304 1295 1356 ianuaque
1325 1310 1440 1357 pate-

91 1365 226 1406 facta?
290 1366 426 1406 ‘nobis
454 1365 569 1407 vero'
601 1365 734 1418 inquit
760 1364 968 1420 Sulpicius
1007 1365 1104 1405 ‘ista
1129 1373 1224 1405 sunt
1247 1372 1440 1420 pergrata

90 1442 246 1483 perque
270 1427 468 1477 iucunda3
507 1428 581 1468 scd
610 1442 744 1483 pauca
775 1428 899 1468 etiam
933 1427 1179 1480 requirimus
1210 1427 1252 1467 iu
1276 1426 1439 1482 primis-

93 1504 171 1543 que
198 1505 264 1539 ea,
304 1504 408 1543 quae
440 1490 561 1530 valde
598 1490 777 1530 breviter
804 1505 827 1530 a
851 1497 908 1539 te,
949 1488 1120 1538 Crasse,
1158 1489 1209 1530 de
1238 1489 1329 1544 ipsa
1354 1496 1440 1529 arte

91 1566 288 1607 percursa
314 1559 420 1600 sunt,
447 1565 541 1592 cum
564 1552 634 1592 illa
660 1561 698 1592 te
724 1560 764 1592 et
788 1567 872 1593 non
896 1560 1157 1592 contemnere
1183 1559 1224 1591 et
1247 1550 1440 1591 didicisse

94 1614 352 1655 confiterere:
390 1628 440 1654 ea
465 1614 499 1654 si
535 1614 659 1668 paulo
691 1614 814 1654 latius
853 1614 1024 1662 dixeris,
1063 1613 1239 1668 expleris
1277 1628 1441 1654 omnem

93 1676 445 1730 exspectationem
471 1676 652 1716 diuturni
677 1676 869 1717 desiderii
893 1676 1041 1725 nostri3
1079 1691 1175 1716 nam
1199 1690 1325 1725 nunc,
1353 1675 1441 1729 qui-

92 1738 170 1778 bus
198 1737 452 1778 studendum
487 1738 610 1778 rebus
637 1746 750 1779 esset
781 1738 1033 1793 accepimus,
1072 1738 1183 1791 quod
1212 1737 1349 1792 ipsum
1378 1744 1442 1778 est

93 1807 232 1840 tamen
255 1814 472 1854 magnum3
512 1800 586 1840 sed
610 1800 698 1840 vias
725 1815 866 1840 earum
890 1815 1027 1840 rerum
1062 1800 1348 1852 rationemque
1372 1813 1442 1838 cu-

92 1861 228 1916 pimus
255 1861 531 1916 cognoscere.’
594 1862 734 1915 ‘quidP
761 1862 826 1911 si‚’
865 1862 997 1915 iuquit
1023 1860 1201 1902 Crassus
1228 1860 1442 1914 ‘quoniam

94 1938 192 1978 ego,
230 1938 310 1977 quo
341 1924 502 1965 facilius
535 1939 609 1965 vos
642 1924 752 1979 apud
775 1940 841 1965 me
879 1932 1080 1973 tenerem,
1118 1932 1280 1964 vestrae
1304 1923 1440 1978 potius

95 1986 317 2026 obsecutus
345 2002 437 2027 sum
463 1987 683 2036 voluntati,
721 2002 846 2040 quam
872 1995 942 2027 aut
967 1986 1253 2027 consuetudini
1279 1994 1348 2026 aut
1370 2000 1443 2026 na-

95 2055 210 2088 turae
242 2063 376 2097 meae,
414 2049 591 2103 petimus
624 2049 675 2090 ab
706 2049 910 2099 Antonio,
948 2056 993 2089 ut
1025 2064 1090 2097 ea,
1129 2064 1233 2101 quae
1264 2047 1445 2088 continet

94 2124 228 2162 neque
254 2110 388 2150 adhuc
412 2111 599 2166 protulit,
637 2126 689 2152 ex
713 2112 862 2165 quibus
893 2127 1020 2152 unum
1056 2111 1240 2152 libellum
1271 2110 1348 2151 sibi
1373 2126 1444 2151 ex—

95 2171 246 2212 cidisse
270 2171 353 2212 iam
378 2173 534 2213 dudum
559 2182 729 2227 questus
756 2181 837 2223 est,
875 2174 1052 2228 explicet
1082 2173 1200 2214 nobis
1227 2180 1267 2213 et
1290 2172 1360 2212 illa
1384 2172 1445 2212 di-

96 2233 215 2273 cendi
240 2235 436 2287 mysteria
467 2235 690 2276 enuntiet?
731 2240 794 2276 ‘ut
829 2235 1021 2284 videtur‚'
1065 2235 1196 2288 inquit
1234 2233 1442 2289 Sulpicius

96 2300 211 2335 ‘nam
224 2296 407 2336 Antonio
430 2296 589 2337 dicente
610 2297 732 2338 etiam
755 2297 854 2350 quid
873 2305 917 2338 tu
937 2297 1102 2346 sentias,
1129 2296 1441 2351 intellegemus?

96 2362 210 2412 ‘peto
235 2357 376 2412 igitur'
404 2358 536 2411 inquit
556 2358 735 2400 Crassus
763 2364 806 2400 ‘a
830 2367 882 2408 te,
911 2359 1104 2413 quoniam
1127 2359 1170 2399 id
1194 2359 1327 2408 nobis,
1352 2360 1443 2399 An-

97 2420 200 2468 toni,
239 2419 472 2460 hominibus
510 2420 552 2460 id
588 2421 732 2462 aetatis
770 2422 905 2462 oneris
938 2422 988 2462 ab
1021 2422 1168 2462 horum
1204 2421 1444 2462 adulescen-

97 2482 198 2521 tium
223 2481 368 2522 studiis
395 2482 635 2536 imponitur,
673 2491 719 2523 ut
754 2482 956 2538 'exponam
995 2484 1094 2537 quid
1128 2483 1186 2524 eis
1219 2484 1269 2524 de
1306 2484 1442 2533 rebus,

1460 740 1503 773 47

1461 789 1510 812 :304

1463 1382 1512 1406 205

1466 1879 1516 1903 206

1467 2376 1516 2400 ‘207

96 2558 199 2597 quas
226 2560 250 2584 a
275 2552 313 2585 te
340 2545 481 2597 quaeri
506 2545 641 2595 vides,
669 2546 849 2587 sentias.'
905 2546 1228 2601 ‘deprehensum
1253 2547 1444 2600 equidem
1466 2556 1512 2590 48

96 2606 178 2647 me'
216 2606 348 2660 inquit
372 2608 581 2648 Antonius
620 2607 758 2663 ‘plane
785 2609 904 2649 video
930 2617 1051 2662 atque
1083 2609 1234 2658 sentio,
1270 2625 1353 2650 non
1378 2625 1445 2651 so-

95 2667 181 2708 lum
213 2669 322 2722 quod
347 2684 396 2709 ea
418 2669 680 2723 requiruntur
705 2686 729 2711 a
752 2686 836 2720 me,
875 2686 1049 2724 quorum
1074 2687 1165 2712 sum
1189 2671 1357 2732 ignarus
1383 2680 1444 2712 at·-

97 2744 177 2784 que
212 2731 415 2782 insolens,
461 2732 536 2773 sed
571 2732 685 2786 quia,
730 2733 841 2787 quod
875 2734 917 2774 in
959 2733 1094 2775 causis
1136 2730 1256 2775 valde
1298 2734 1442 2790 fugere
