1859 3069
584 210 786 247 BRUTUS
815 211 879 245 125
890 231 925 236 -
938 210 1015 244 13⁶2.
1394 202 1477 243 225

120 293 262 350 populi
293 292 475 334 studium
513 292 715 342 stetisset,
754 291 990 334 Gracchani
1019 290 1176 333 iudices
1210 290 1477 332 sustulerunt.

121 356 241 396 huius
279 354 492 396 dissimilis
523 354 566 395 in
603 354 814 395 tribunatu
848 353 1089 407 reliquaque
1125 352 1236 394 omni
1267 352 1352 394 vita
1376 352 1477 393 civis

120 417 333 472 improbus
354 415 405 458 C.
425 416 614 457 Licinius
635 416 774 457 Nerva
797 431 882 457 non
905 415 1128 456 indisertus
1154 414 1244 455 fuit.
1295 413 1345 455 C.
1364 414 1479 456 Fim-

121 479 210 520 bria
234 478 489 533 temporibus
514 478 648 519 isdem
673 478 772 528 fere,
800 478 875 519 sed
897 478 1063 532 longius
1090 485 1223 519 aetate
1243 484 1479 532 provectus,

121 540 285 581 habitus
301 548 365 581 est
387 555 499 590 sane,
525 548 570 581 ut
590 540 648 580 ita
669 540 816 589 dicam,
842 540 1074 580 luculentus
1103 548 1318 590 accusator,
1345 554 1478 595 asper,

122 602 368 651 maledicus,
409 617 561 657 genere
587 610 673 643 toto
698 602 823 657 paulo
849 601 1046 643 fervidior
1071 609 1194 655 atque
1220 601 1479 650 commotior3

124 664 340 719 diligentia
364 673 502 705 tamen
528 671 569 705 et
593 664 742 704 virtute
769 663 895 704 animi
920 670 1043 716 atque
1069 663 1155 704 vita
1178 664 1312 704 bonus
1339 670 1482 704 auctor

123 726 165 766 in
204 733 368 775 senatu,
406 726 516 766 idem
553 725 778 766 tolerabilis
815 732 1015 779 patronus
1052 739 1130 766 nec
1163 726 1278 766 rudis
1315 725 1357 765 in
1393 725 1481 766 iure

122 787 231 827 civili
269 794 310 828 et
346 801 440 827 cum
482 787 632 827 virtute
676 793 760 826 tum
800 786 924 827 etiam
959 786 1051 841 ipso
1089 787 1286 828 orationis
1329 801 1481 841 genere

121 849 242 889 liber:
269 849 384 889 cuius
410 848 616 889 orationes
641 848 758 903 pueri
783 848 1040 902 legebamus,
1067 862 1170 900 quas
1194 848 1279 888 iam
1302 848 1482 902 reperire

122 910 451 964 vix-possumus.
513 917 633 950 acuto
659 909 784 950 etiam
808 909 975 964 ingenio
1002 916 1043 950 et
1068 924 1258 950 sermone
1284 909 1477 964 eleganti,

121 971 357 1012 valetudine
382 971 645 1012 incommoda
672 970 722 1012 C.
750 970 919 1012 Sextius
941 970 1143 1013 Calvinus
1170 971 1246 1012 fuit
1256 988 1266 1021 3
1293 971 1364 1024 qui
1389 971 1480 1019 etsi,

121 1048 214 1073 eum
239 1033 483 1074 remiserant
509 1034 672 1075 dolores
698 1034 871 1088 pedum,
897 1049 981 1075 non
1006 1033 1148 1074 deerat
1171 1033 1213 1073 in
1239 1032 1374 1074 causis
1384 1064 1395 1083 ,
1422 1041 1483 1073 ta-

121 1111 216 1136 men
252 1095 294 1136 id
330 1111 414 1137 non
451 1111 575 1151 saepe
612 1096 812 1146 faciebat3
855 1096 995 1149 itaque
1034 1095 1205 1137 consilio
1242 1095 1350 1144 eius,
1387 1109 1482 1136 cum

122 1157 333 1207 volebant,
378 1158 566 1199 homines
604 1159 846 1207 utebantur,
889 1158 1138 1213 patrocinio,
1182 1172 1276 1198 cum
1317 1157 1481 1198 licebat.

121 1219 255 1260 isdem
279 1220 534 1274 temporibus
555 1220 618 1260 M.
640 1221 811 1269 Brutus,
837 1220 879 1261 in
900 1235 981 1274 quo
1002 1235 1200 1275 magnum
1226 1218 1316 1269 fuit,
1336 1219 1481 1267 Brute,

123 1281 303 1322 dedecus
347 1282 491 1336 generi
535 1288 692 1331 vestro,
737 1283 825 1336 qui,
869 1297 964 1323 cum
1006 1290 1120 1323 tanto
1163 1281 1329 1323 nomine
1372 1290 1484 1322 essct

122 1350 364 1398 patremque
402 1344 604 1398 optimum
640 1345 775 1385 virum
816 1344 1035 1386 habuisset
1070 1352 1111 1385 et
1145 1343 1245 1384 iuris
1281 1343 1483 1398 peritissi-

123 1420 256 1454 mum,
298 1404 624 1459 [accusationem
654 1406 923 1456 factitaverit,
961 1413 1008 1446 ut
1037 1406 1217 1447 Athenis
1244 1406 1481 1460 Lycurgus.

122 1465 176 1521 is]
204 1467 472 1521 magistratus
498 1483 582 1509 non
606 1468 769 1523 petivit,
809 1468 883 1509 sed
907 1468 985 1508 fuit
1011 1474 1226 1509 accusator
1257 1467 1482 1509 vehemens

124 1537 165 1569 et
194 1529 415 1578 molestus,
452 1537 498 1570 ut
534 1530 654 1570 facile
693 1544 883 1571 cerneres
920 1529 1106 1570 naturale
1143 1529 1353 1583 quoddam
1391 1528 1483 1569 stir-

122 1590 186 1645 pis
213 1591 367 1631 bonum
394 1591 714 1646 degeneravisse
740 1592 839 1633 vitio
866 1592 1116 1646 depravatae
1144 1590 1380 1632 voluntatis.
1423 1597 1484 1630 at-

124 1667 203 1706 que
234 1653 381 1693 eodem
419 1660 604 1708 tempore
639 1661 856 1695 accusator
893 1654 944 1694 de
980 1653 1102 1708 plebe
1133 1653 1187 1693 L.
1222 1651 1482 1693 Caesulenus

123 1714 217 1763 fuit,
255 1728 379 1767 quem
410 1730 489 1770 ego
521 1715 661 1756 audivi
696 1715 779 1757 iam
812 1730 974 1765 senem,
1013 1729 1107 1755 cum
1133 1715 1185 1755 ab
1210 1714 1264 1755 L.
1299 1713 1482 1755 Sabellio

123 1776 294 1816 multam
318 1776 411 1831 lege
436 1777 610 1830 Aquilia
635 1777 776 1818 damni
799 1777 950 1818 iniuria
979 1776 1216 1832 petivisset:
1253 1790 1336 1817 non
1361 1775 1484 1817 fecis-

125 1853 212 1879 sem
254 1838 431 1880 hominis
474 1854 608 1894 paene
650 1839 781 1881 infimi
822 1839 1093 1888 mentionem,
1137 1838 1217 1879 nisi
1258 1838 1484 1879 iudicarem

124 1899 195 1953 qui
237 1901 500 1955 suspitiosius
545 1908 616 1943 aut
662 1902 925 1943 criminosius
971 1899 1376 1953 dieereuaudivisse
1417 1914 1484 1940 1110

124 1961 344 2003 1101111110111.
417 1963 562 2004 doctus
600 1963 724 2004 etiam
767 1963 940 2006 Graecis
977 1963 1028 2004 T.
1064 1961 1271 2003 Albucius
1309 1961 1375 2002 vel
1410 1976 1485 2016 po-

126 2023 206 2064 tius
238 2023 359 2079 plane
387 2023 593 2067 Graecus:
629 2025 793 2079 loquor,
818 2033 865 2067 ut
889 2025 1054 2080 opinor:
1092 2024 1166 2065 scd
1190 2024 1286 2065 licet
1317 2038 1369 2064 cx
1394 2038 1485 2064 ora—

126 2085 307 2126 tionibus
338 2085 533 2128 iudieare.
593 2087 671 2128 suit
702 2095 840 2128 autem
870 2087 1052 2128 Athenis
1091 2086 1355 2135 adulescens,
1390 2100 1485 2140 per-

127 2147 259 2187 fectus
290 2147 524 2201 Epicureus
556 2156 765 2198 evaserat,
802 2148 971 2190 minime
1002 2155 1144 2203 aptum
1182 2147 1234 2188 ad
1265 2146 1485 2188 dicendum

127 2223 273 2263 genus.

206 2270 297 2310 Iam
322 2269 375 2322 Q.
403 2269 578 2312 Catulus
610 2287 694 2313 non
725 2272 893 2326 antiquo
924 2272 995 2313 1Πο
1024 2286 1157 2320 more,
1197 2270 1271 2312 sed
1302 2270 1381 2312 hoc
1410 2285 1484 2312 no-

129 2339 233 2381 stro,
269 2331 349 2373 nisi
381 2332 481 2385 quid
515 2333 604 2374 fieri
635 2340 774 2388 potest
808 2334 1053 2388 perfectius,
1091 2333 1294 2374 cruditus:
1330 2332 1485 2373 multae

127 2394 306 2443 litterae,
339 2409 502 2435 summa
526 2410 609 2436 non
634 2395 744 2436 vitae
770 2396 905 2436 solum
930 2402 1052 2449 atque
1078 2402 1269 2443 naturae,
1295 2394 1370 2435 sed
1395 2409 1486 2435 ora—

128 2455 250 2496 tionis
277 2454 401 2496 et-iam
426 2456 619 2505 comitas,
656 2456 895 2512 incorrupta
926 2457 1130 2510 quaedam
1155 2455 1299 2496 Latini
1330 2470 1486 2497 sermo-

127 2517 191 2558 nis
228 2517 443 2572 integritas
454 2534 464 2567 3
509 2533 615 2571 quae
656 2519 837 2574 perspici
875 2533 969 2559 cum
1005 2533 1057 2559 ex
1099 2517 1354 2559 orationibus
1396 2518 1484 2559 eius

127 2587 265 2635 potest
291 2587 377 2620 tum
413 2580 608 2621 facillime
644 2596 696 2621 ex
728 2596 776 2622 eo
802 2581 927 2631 libro,
966 2595 1090 2634 quem
1121 2581 1172 2621 (10
1203 2580 1421 2621 consulatu
1445 2587 1486 2622 et

128 2642 178 2683 de
208 2643 332 2683 rebus
365 2642 496 2697 gestis
530 2643 615 2684 suis
647 2642 928 2698 conscriptum
958 2642 1072 2684 molli
1102 2649 1143 2683 et
1173 2641 1484 2696 Xenophonteo

126 2718 278 2758 genere
305 2704 506 2745 sermonis
533 2704 645 2746 misit
670 2705 723 2746 ad
749 2705 802 2746 A.
826 2705 999 2746 Furium
1023 2708 1208 2759 poetam,
1239 2703 1484 2745 familiarem

199 2770 344 2798 Ciceronis
358 2771 410 2798 vol.
429 2770 462 2797 11.
1213 2773 1253 2804 15

1505 372 1552 396 129

1507 922 1555 945 1:3')

1510 1608 1558 1631 131

1508 1970 1552 2004 35

1509 2288 1558 2312 ,132Ι
