1859 3069
353 381 382 404 51

341 2321 380 2353 1ss

415 271 497 313 354
817 278 866 310 M.
894 277 1069 311 TULLII
1097 275 1360 311 CICERONIS

415 362 605 408 oderant3
644 368 765 412 atque
792 358 893 398 haee
919 357 1119 412 exemplis
1151 357 1354 397 firmanda
1379 365 1486 398 sunt.
1545 372 1679 411 neque
1705 365 1766 398 est

414 424 654 470 obscurum,
681 421 792 474 quin,
820 419 1013 472 quoniam
1028 419 1070 459 in
1084 426 1299 471 utramque
1324 428 1483 474 partem
1511 429 1605 460 sunt
1630 435 1768 460 exem-

414 485 481 538 pla
506 492 547 524 et
571 484 669 523 item
696 483 748 522 ad
779 481 1057 522 coniecturam
1089 480 1322 521 faciendam
1351 481 1449 529 loci,
1486 482 1529 521 in
1554 482 1766 522 contrariis

415 545 618 585 vona-aria
638 544 839 584 sumenda
861 543 954 584 sint.
994 552 1115 596 atque
1136 543 1258 583 etiam
1279 543 1448 583 incurrit
1468 543 1546 583 alia
1566 544 1766 596 quaedam

413 608 453 647 in
479 607 653 647 testibus
680 613 720 646 et
745 605 786 645 in
812 605 1124 658 quaestionibus
1150 605 1274 646 ratio:
1302 620 1426 659 saepe
1448 605 1556 645 enim
1576 620 1637 654 ea,
1663 620 1767 658 quae

413 669 522 709 dieta
548 676 662 717 sunt,
704 668 737 708 si
765 676 833 708 aut
861 667 1055 722 ambigue
1087 675 1157 707 aut.
1192 667 1475 707 inconstanter
1500 676 1570 708 aut
1594 667 1768 707 incredi-

413 730 546 770 biliter
572 730 682 770 dieta
709 738 805 770 sunt
830 738 899 770 aut
926 730 1050 770 etiam
1076 729 1193 770 aliter
1218 730 1269 769 ab
1295 729 1374 769 alio
1401 729 1528 778 dieta,
1567 729 1768 769 subtiliter

412 792 783 846 reprehenduntur.

494 854 543 895 (J.
568 855 618 894 F.
654 854 857 894 Extrema
894 853 967 893 tibi
1003 860 1133 893 restat
1168 868 1264 908 pars
1302 853 1517 902 orationis,
1555 867 1660 906 quae
1695 868 1769 907 po-

365 909 379 930 “'
413 916 492 956 sita
516 916 557 955 111
582 917 814 970 perorando
841 924 922 964 est,
961 916 1011 956 de
1038 930 1120 968 qua
1145 930 1244 956 sane
1276 915 1399 955 velim
1426 915 1579 956 audire.
1641 914 1691 955 C.
1716 914 1766 955 P.

411 978 569 1018 facilior
595 986 658 1017 est
684 978 904 1032 explicatio
924 977 1218 1032 perorationis3
1245 992 1340 1016 nam
1362 986 1422 1016 est
1445 977 1578 1017 divisa
1597 976 1639 1016 in
1664 977 1766 1016 duas

411 1039 557 1093 partis,
597 1039 959 1094 amplificationem
990 1047 1030 1080 et.
1060 1039 1424 1080 emunerationem.
1486 1038 1666 1093 augendi
1697 1054 1767 1079 au-

413 1110 495 1141 tem
522 1109 562 1141 et
590 1101 655 1141 bie
681 1109 743 1142 est
770 1101 961 1156 proprius
988 1101 1103 1142 loeus
1133 1100 1191 1155 [in
1217 1099 1487 1156 perorando]‚
1514 1110 1552 1141 et
1579 1101 1619 1141 in
1646 1116 1766 1141 eursu

411 1163 501 1217 ipso
544 1163 739 1203 orationis
790 1163 1086 1204 declinationes
1131 1164 1183 1203 ad
1225 1163 1559 1218 amplificandum
1604 1164 1764 1209 dantur,

348 1246 369 1266 a·
411 1225 652 1265 confirmata
677 1240 719 1265 re
747 1225 883 1278 aliqua
915 1233 984 1265 aut
1019 1225 1284 1279 reprehensa.
1345 1234 1408 1265 est
1439 1225 1563 1279 igitur
1593 1226 1767 1280 amplifi-

410 1286 515 1326 catio
541 1287 707 1340 gravior
732 1287 936 1339 quaedam
974 1287 1223 1334 adfirmatio,
1261 1301 1365 1339 quae
1390 1296 1504 1326 motu
1537 1287 1765 1327 animorum

411 1348 599 1388 conciliet
625 1348 667 1388 in
693 1348 868 1389 dicendo
904 1349 1042 1389 fidem.
1103 1363 1153 1388 ea
1177 1356 1218 1389 et
1242 1349 1461 1389 verborum
1492 1363 1643 1401 genere
1670 1364 1767 1389 eon-

408 1409 542 1449 fieitur
568 1418 609 1450 et
632 1424 788 1450 rerum:
827 1411 954 1450 verba
978 1410 1172 1464 ponenda
1196 1418 1309 1458 sunt,
1348 1424 1452 1462 quae
1478 1410 1561 1450 x‘ixn
1587 1410 1767 1450 habeant

410 1471 654 1511 inlustrandi
692 1486 769 1512 1100
795 1472 846 1511 ab
877 1487 955 1512 usu
993 1471 1076 1511 sint
1112 1471 1392 1520 abhorrentia,
1430 1471 1592 1526 gravia,
1629 1472 1764 1527 plena,

410 1533 615 1580 sonantia,
643 1533 800 1581 iuneta,
835 1534 963 1583 faeta,
1001 1533 1310 1588 cognominata,
1348 1549 1431 1574 non
1456 1534 1660 1588 volgaria,
1699 1550 1766 1574 su-

408 1595 583 1649 perlata,
620 1595 662 1635 in
698 1595 925 1650 primisque
963 1596 1185 1642 translata,
1224 1610 1299 1636 nee
1329 1596 1370 1636 in
1403 1596 1576 1651 singulis
1613 1596 1763 1641 verbis,

410 1657 484 1696 sed
519 1657 561 1697 in
598 1657 925 1706 continentibus,
971 1658 1117 1706 soluta,
1161 1672 1265 1711 quae
1304 1657 1495 1698 dicuntur
1537 1658 1624 1698 sine
1669 1673 1765 1698 eon-

347 1735 359 1756 -.
408 1718 635 1767 iunctione,
661 1727 706 1759 ut
729 1719 849 1774 plura
874 1719 1108 1768 videantur3
1136 1728 1290 1774 augent
1315 1720 1439 1760 etiam
1464 1720 1593 1760 relata
1624 1720 1762 1767 verba,

408 1780 568 1829 iterata,
596 1780 804 1835 duplicata
830 1789 870 1821 et
895 1796 962 1830 ea,
994 1796 1099 1834 quae
1124 1781 1353 1821 ascendunt
1379 1781 1582 1835 gradatim
1612 1782 1663 1821 ab
1689 1781 1764 1821 hu-

406 1841 634 1882 milioribus
675 1841 851 1898 [verbis]
880 1843 933 1883 ad
958 1842 1189 1897 superiora,
1227 1843 1475 1895 omninoque
1514 1858 1675 1897 semper
1701 1852 1764 1883 est

408 1903 526 1956 quasi
562 1905 760 1945 naturalis
800 1914 840 1946 et
876 1921 959 1947 non
997 1905 1219 1959 explanata
1262 1905 1410 1953 oratio,
1456 1905 1529 1945 sed
1565 1905 1761 1959 gravibus

406 1966 560 2006 referta
585 1967 743 2015 verbis,
782 1967 835 2007 ad
865 1968 1103 2022 augendum
1134 1967 1498 2008 adcommodatior.
1559 1967 1661 2008 haee
1686 1968 1763 2021 igi-

407 2037 471 2067 t-ur
496 2027 535 2067 in
562 2028 712 2077 verbis,
740 2029 889 2082 quibus
917 2029 1022 2070 aetio
1048 2044 1162 2078 voee,
1190 2030 1302 2070 voltu
1324 2038 1364 2069 et
1389 2038 1509 2083 gestu
1529 2044 1761 2083 congruens

406 2097 447 2129 et
472 2099 568 2144 apta
595 2091 648 2130 ad
674 2091 833 2132 animos
860 2091 1164 2145 permovendos
1192 2091 1547 2132 adcommodanda
1575 2100 1654 2140 est3
1688 2092 1762 2132 sed

406 2158 447 2191 et
470 2151 513 2191 in
540 2152 676 2192 verbis
703 2160 744 2193 et
768 2153 810 2192 in
848 2153 1009 2194 actione
1049 2168 1175 2194 eausa
1207 2153 1282 2193 erit
1318 2153 1585 2208 ponderanda
1622 2160 1662 2194 et
1686 2169 1761 2208 pro

405 2227 448 2253 re
475 2214 703 2267 agendum3
755 2230 852 2255 nam
879 2215 982 2256 haee
1008 2215 1105 2268 quia
1130 2215 1320 2255 videntur
1355 2216 1629 2270 perabsurda‚
1667 2230 1760 2255 eum

405 2275 598 2329 graviora
635 2284 748 2325 sunt,
788 2292 913 2330 quam
944 2292 1072 2318 eausa
1103 2278 1200 2326 fert,
1241 2277 1458 2331 diligenter
1495 2277 1593 2330 qnid
1618 2291 1760 2330 quam-

343 2369 374 2391 55
406 2351 484 2389 que
522 2337 667 2378 deceat
702 2338 970 2379 iudicandum
1007 2348 1082 2380 est.
1148 2354 1285 2379 rerum
1323 2346 1458 2379 autem
1497 2339 1758 2393 amplificatio

406 2399 579 2439 sumitur
616 2399 773 2441 eisdem
800 2416 851 2441 ex
887 2401 989 2442 loeis
1027 2401 1240 2449 omnibus,
1279 2416 1300 2441 e
1338 2401 1486 2453 quibus
1522 2401 1608 2449 illa,
1653 2415 1758 2454 quae

405 2461 514 2501 dieta
557 2468 653 2501 sunt
694 2462 747 2502 ad
789 2463 932 2503 fidem:
999 2463 1261 2515 maximeque
1325 2463 1583 2503 definitiones
1620 2463 1758 2504 valent

404 2522 676 2576 conglobatae
708 2532 749 2564 et
785 2524 1128 2578 consequentium
1165 2524 1440 2577 frequentatio
1466 2533 1506 2565 et
1536 2524 1758 2564 contraria-

404 2598 493 2622 rum
519 2592 559 2624 et
590 2586 850 2626 dissimilium
889 2595 929 2627 et
959 2586 1064 2627 inter
1096 2601 1140 2627 se
1177 2586 1451 2641 pugnantium
1487 2601 1624 2627 rerum
1660 2601 1755 2628 con-

405 2644 527 2683 flietio
554 2654 593 2685 et
629 2661 777 2688 eausae
804 2664 954 2701 eaque,
992 2663 1097 2701 quae
1125 2656 1220 2689 sunt
1245 2656 1333 2688 orta
1359 2649 1408 2688 de
1435 2648 1589 2697 causis,
1626 2649 1756 2688 maxi-

405 2720 550 2758 meque
589 2708 876 2751 similitudines
909 2719 949 2751 et
980 2711 1189 2765 exempla3
1228 2710 1348 2751 fictae
1381 2710 1504 2750 etiam
1539 2725 1753 2765 personae,

405 2777 518 2807 muta
544 2768 718 2821 denique
744 2771 982 2823 loquantur,
1021 2773 1269 2825 omninoque
1301 2788 1349 2813 ea
1375 2780 1468 2812 sunt
1507 2773 1752 2816 adhibenda.
