1859 3069
369 203 422 243 96
772 211 821 243 Μ.
848 207 1026 244 TULLII
1051 206 1317 244 CICERONIS

367 290 606 346 partitione,
645 290 722 330 hoc
753 288 895 329 modo:
934 292 1024 329 ‘aut
1055 288 1215 329 senatui
1246 289 1474 344 parendum
1507 289 1557 330 de
1589 288 1720 329 salute

367 352 426 393 rei
462 352 652 407 publicae
689 351 767 391 fuit
803 357 870 390 aut
909 349 1020 390 aliud
1062 350 1279 391 consilium
1319 351 1616 392 instituendum
1653 357 1723 391 aut

370 430 445 455 sua
470 422 616 469 sponte
642 412 876 453 faciendum
886 428 896 461 3
924 412 1035 452 aliud
1059 412 1289 462 eonsilium,
1317 414 1559 468 superbu1n3
1588 428 1721 461 suum,

371 476 596 529 adrogans3
633 473 834 515 utendum
868 473 994 529 igitur
1029 473 1107 514 fuit
1141 474 1313 516 consilio
1352 475 1545 516 senatus.’
1607 474 1642 515 si
1672 489 1723 515 ex

371 536 595 585 vocabulo,
626 543 672 576 ut
698 534 857 577 Carbo:
897 535 951 576 ‘si
977 535 1122 577 consul
1147 543 1229 586 est,
1255 536 1325 589 qui
1351 536 1528 577 consulit
1552 536 1722 591 patriae,

299 616 347 640 160
372 598 471 651 quid
496 597 607 638 aliud
631 597 729 639 fecit
756 597 994 652 Opimius?'
1034 597 1098 638 sin
1123 598 1174 638 ab
1200 612 1267 647 eo,
1299 598 1410 651 quod
1434 613 1521 638 rem
1547 597 1724 652 attingit,

370 659 510 714 plures
548 666 644 700 sunt
681 668 1018 714 argumentorum
1054 659 1175 701 sedes
1213 673 1261 700 ac
1283 659 1382 709 loci,
1419 675 1516 700 nam
1552 667 1592 701 et
1629 674 1726 701 con-

371 721 511 762 iuncta
536 734 782 774 quaeremus
809 728 849 762 et
873 736 1028 776 genera
1052 729 1094 762 et
1116 721 1244 776 partis
1270 721 1492 777 generibus
1519 721 1725 763 subiectas

372 790 413 824 et
448 783 737 824 similitudines
775 791 817 824 et
852 783 1209 825 dissimilitudines
1248 792 1290 825 et
1325 783 1529 825 contraria
1559 790 1600 825 et
1630 797 1727 825 con-

372 845 589 898 sequentia
624 853 665 886 ct
701 853 980 887 consentanea
1016 854 1056 887 ct
1092 846 1210 899 quasi
1246 846 1553 901 praecurrentia
1589 853 1630 887 ct
1662 860 1727 886 rc-

371 906 601 961 pugnantia
625 914 666 948 et
691 921 837 948 causas
868 922 1005 948 rerum
1041 907 1341 962 vestigabimus
1373 915 1414 949 et
1439 923 1505 956 ea,
1544 921 1649 961 quae
1675 922 1727 948 ex

373 968 508 1009 causis
547 975 637 1010 orta
673 969 773 1019 sint,
810 977 851 1010 et
885 969 1060 1019 maiora,
1096 969 1229 1024 paria,
1267 970 1425 1011 minora
1462 984 1725 1023 quaeremus3

304 1028 349 1083 49
374 1045 426 1072 ex
451 1031 680 1072 coniunctis
707 1031 766 1073 sic
791 1039 1036 1087 argumenta
1061 1031 1284 1072 ducuntur:
1318 1032 1372 1072 ‘si
1397 1031 1540 1087 pietati
1566 1046 1728 1072 summa

301 1079 343 1101 ¹⁰⁴
374 1093 594 1135 tribuenda
628 1094 719 1135 laus
757 1100 839 1144 est,
877 1094 1035 1136 debetis
1072 1094 1248 1143 moveri,
1286 1109 1380 1135 cum
1417 1093 1470 1146 Q.
1507 1094 1728 1135 Metellum

373 1162 457 1196 tam
481 1155 548 1211 pie
573 1156 715 1211 lugere
740 1155 942 1198 videatis?
992 1171 1043 1197 ex
1069 1171 1220 1211 genere
1247 1164 1403 1197 autem:
1431 1156 1485 1196 ‘si
1509 1156 1728 1210 magistra-

374 1225 439 1259 tus
465 1218 508 1258 in
537 1218 681 1273 populi
704 1218 885 1261 Romani
921 1233 1014 1260 esse
1050 1225 1255 1274 potestate
1293 1218 1463 1268 debent,
1501 1217 1601 1271 quid
1623 1218 1729 1259 Nor-

373 1281 529 1321 banum
555 1294 746 1331 accusas,
785 1281 899 1322 cuius
927 1281 1157 1322 tribunatus
1195 1281 1397 1322 voluntati
1427 1281 1563 1336 paruit
1587 1280 1729 1321 civita-

301 1358 348 1382 isss
374 1341 469 1383 tis?'
509 1357 561 1383 cx
595 1350 712 1398 parte
750 1350 887 1384 autem
924 1358 991 1393 ea,
1029 1357 1135 1396 quae
1173 1350 1237 1384 est
1267 1342 1452 1384 subiecta
1476 1341 1637 1398 generi:
1675 1341 1730 1382 ‘si

373 1418 537 1453 omnes,
586 1404 656 1458 qui
702 1405 763 1446 rei
805 1405 996 1460 publicae
1045 1405 1283 1455 consulunt,
1337 1405 1421 1446 cari
1468 1405 1587 1447 nobis
1636 1419 1729 1446 esse

374 1466 544 1515 debent,
590 1473 700 1508 certe
736 1467 779 1507 in
815 1467 957 1522 primis
994 1467 1283 1523 imperatores,
1321 1482 1496 1521 quorum
1533 1467 1728 1516 consiliis,

374 1527 544 1576 virtute,
580 1528 773 1583 periculis
809 1529 1034 1571 retinemus
1073 1536 1113 1570 et
1148 1537 1334 1571 nostram
1373 1530 1548 1571 salutem
1585 1537 1626 1571 et
1653 1529 1730 1569 im-

374 1588 477 1643 perii
502 1589 771 1644 dignitatem.9
832 1606 884 1632 ex
915 1591 1181 1633 similitudine
1218 1600 1374 1633 autem:
1413 1592 1467 1632 ‘si
1498 1591 1610 1633 ferae
1634 1606 1729 1647 par-

376 1659 441 1691 tus
469 1666 566 1691 suos
593 1652 788 1707 diligunt,
825 1667 908 1706 qua
931 1668 1007 1695 nos
1032 1653 1075 1693 in
1099 1654 1251 1695 liberos
1282 1662 1447 1695 nostros
1472 1653 1731 1709 indulgentia

302 1729 350 1754 169
377 1728 470 1754 esse
495 1713 737 1755 debemus?
772 1722 812 1756 at
838 1730 889 1757 ex
915 1716 1267 1757 dissimilitudine:
1294 1716 1349 1757 ‘si
1374 1717 1642 1757 barbarorum
1667 1726 1730 1756 estv

375 1775 417 1815 in
459 1775 568 1816 diem
609 1776 768 1826 vivere,
816 1785 959 1818 nostra
1002 1778 1174 1819 consilia
1222 1778 1518 1833 sempiternum
1565 1786 1729 1832 tempus

376 1844 564 1892 spectare
601 1837 778 1880 debent.’
839 1846 962 1892 atque
999 1847 1174 1893 utroque
1209 1840 1252 1880 in
1288 1855 1440 1895 genere
1471 1847 1511 1881 et
1543 1840 1730 1880 similitu-

376 1899 482 1940 dinis
509 1906 549 1940 ct
585 1899 930 1943 dissimilitudinis
970 1902 1161 1957 exempla
1198 1910 1294 1943 sunt
1330 1917 1381 1943 ex
1411 1902 1583 1943 aliorum
1609 1901 1729 1943 sactis

376 1969 445 2002 aut
471 1961 590 2003 dictis
618 1970 686 2003 aut
713 1963 871 2004 eventis
898 1971 939 2004 et
968 1964 1088 2005 fictae
1123 1964 1380 2006 narrationes
1420 1979 1544 2019 saepe
1574 1979 1731 2019 ponen-

376 2023 465 2064 dae.
526 2023 608 2065 iam
639 2039 690 2066 ex
720 2025 945 2066 contrario:
983 2025 1038 2066 ‘si
1065 2025 1280 2067 Gracchus
1307 2025 1482 2075 nefarie,
1520 2026 1730 2081 praeclare

303 2101 351 2125 170
377 2085 599 2140 Opimius.'
643 2101 695 2127 ex
719 2087 1089 2141 consequentibus:
1116 2087 1171 2129 ‘si
1196 2096 1236 2129 et
1261 2088 1370 2130 ferro
1394 2088 1635 2129 interfectus
1661 2087 1730 2128 ille

375 2154 415 2187 et
440 2155 484 2188 tu
508 2147 698 2189 inimicus
725 2148 812 2190 eius
839 2163 933 2190 cum
958 2149 1098 2204 gladio
1130 2157 1299 2191 cruento
1337 2150 1661 2205 comprehensus
1686 2149 1730 2190 in

374 2209 444 2250 illo
469 2209 560 2264 ipso
591 2210 682 2252 loco
714 2218 755 2252 ct
789 2226 911 2253 nemo
948 2219 1111 2267 praeter
1137 2220 1177 2253 te
1206 2212 1264 2253 ibi
1296 2212 1408 2253 visus
1447 2220 1510 2253 est
1541 2220 1582 2253 ct
1605 2225 1732 2252 causa

374 2271 528 2311 nemini
553 2279 593 2313 et
618 2279 662 2313 tu
700 2288 864 2327 semper
901 2273 1056 2323 audax,
1094 2273 1194 2327 quid
1225 2274 1425 2327 estquod
1461 2273 1512 2315 de
1548 2273 1730 2314 facinore

376 2332 565 2375 dubitare
600 2334 854 2388 possimuSP'
893 2350 945 2376 cx
977 2335 1266 2377 consentaneis
1304 2335 1325 2356 *
1351 2335 1370 2356 ⁹²
1398 2335 1419 2356 *
1457 2350 1508 2376 ex
1538 2349 1731 2390 praecur-

375 2395 560 2436 rentibus
597 2396 618 2416 *
644 2396 666 2416 ³⁶
691 2396 713 2417 ³³⁶
751 2412 803 2438 cx
832 2397 1180 2453 repugnantibus,
1217 2405 1262 2438 ut
1293 2397 1391 2439 olim
1417 2396 1598 2438 Crassus
1630 2396 1730 2437 adu-

376 2455 556 2497 lescens:
595 2461 697 2499 ‘non
729 2458 763 2499 si
791 2458 1008 2513 Opimium
1039 2459 1279 2508 defendisti,
1319 2458 1476 2507 Carbo,
1514 2458 1665 2499 idcirco
1691 2465 1730 2498 te

377 2517 444 2557 isti
468 2519 623 2560 bonum
649 2520 781 2562 civem
800 2521 1024 2576 putabunt:
1058 2521 1275 2562 simulasse
1302 2530 1341 2562 te
1367 2529 1407 2562 et
1432 2520 1587 2574 aliquid
1605 2534 1729 2573 quac-

379 2581 483 2621 sisse
520 2583 784 2638 perspicuum
820 2591 901 2634 est,
940 2584 1051 2637 quod
1080 2584 1145 2625 Ti.
1179 2583 1358 2625 Gracchi
1394 2590 1568 2624 mortem
1604 2595 1728 2635 saepe

378 2641 420 2681 in
445 2643 703 2685 contionibus
731 2645 973 2700 deplorasti,
1011 2646 1123 2699 quod
1145 2646 1195 2686 P.
1222 2645 1411 2686 Africani
1446 2643 1558 2685 necis
1591 2642 1727 2683 socius

379 2702 510 2753 fuisti,
536 2706 647 2757 quod
672 2721 763 2747 eam
787 2707 923 2762 legem
948 2707 990 2748 in
1014 2707 1223 2748 tribunatu
1250 2706 1395 2755 tulisti,
1429 2705 1540 2758 quod
1565 2719 1728 2760 semper
