1859 3069
421 259 490 294 DE
517 257 756 294 ORATORE
781 257 829 292 II.
853 255 1057 291 233—240.
1337 246 1416 288 113

69 342 319 399 turpitudine
344 349 386 383 et
410 340 671 382 deformitate
697 338 877 393 quadam
901 337 1148 386 continetur,
1180 336 1283 377 haec
1308 336 1417 377 enim

68 406 252 446 ridentur
276 404 342 445 vel
374 403 462 445 sola
486 403 552 444 vel
582 401 781 450 maxime,
819 414 924 454 quae
954 406 1098 441 notant
1133 406 1174 440 et
1198 398 1420 453 designant

70 466 365 521 turpitudinem
403 465 583 518 aliquam
619 479 702 505 non
739 462 923 518 turpiter.
994 469 1057 503 est
1094 468 1249 511 autem,
1284 468 1331 501 ut
1367 460 1419 501 ad

70 529 171 569 illud
201 528 366 568 tertium
400 527 582 575 veniam,
620 533 683 567 est
712 525 834 580 plane
864 523 1037 565 oratoris
1073 538 1241 564 movere
1270 523 1419 572 risum3

71 591 136 631 vel
173 590 283 643 quod
312 589 404 644 ipsa
440 588 624 628 hilaritas
660 586 992 628 benevolentiam
1029 585 1219 626 conciliat
1254 585 1310 634 ei,
1347 600 1421 640 per

72 667 195 706 quem
226 652 403 692 excitata
434 658 514 700 est3
552 650 618 691 vel
649 650 760 702 quod
790 648 1043 689 admirantur
1073 663 1216 689 onmes
1248 661 1423 688 acumen

72 729 154 754 uno
182 728 307 768 saepe
332 714 374 753 in
406 713 532 753 verbo
563 711 746 767 positum
782 710 960 751 maxime
995 709 1302 764 respondentis,
1338 724 1422 750 non

72 790 298 828 1111111qua1n
335 775 458 815 etiam
494 773 756 822 lacessentis3
794 772 860 813 vel
892 773 1003 826 quod
1039 772 1193 827 frangit
1229 772 1424 813 adversa-

73 838 197 885 rium,
235 837 346 890 quod
376 836 565 891 impedit,
603 835 715 889 quod
746 835 897 884 elevat,
934 835 1045 888 quod
1081 835 1276 884 deterret,
1314 834 1424 888 quod

71 900 223 939 refutat
232 916 242 948 3
275 899 341 940 vel
367 898 476 951 quod
504 898 643 953 ipsum
668 904 873 938 oratorem
897 897 1071 951 politum
1097 911 1189 938 esse
1214 896 1424 938 hominem

73 960 296 1015 significat,
330 960 440 1013 quod
465 960 689 1009 eruditum,
717 959 827 1012 quod
850 959 1072 1008 urbanum,
1109 958 1287 999 maxime
1313 958 1424 1012 quod

73 1022 280 1063 tristitiam
317 1037 364 1063 ae
401 1021 665 1063 severitatem
706 1021 869 1075 mitigat
904 1028 946 1062 et
980 1021 1139 1062 relaxat
1174 1020 1422 1073 odiosasque

72 1099 138 1124 res
177 1099 319 1139 saepe,
363 1098 466 1136 quas
504 1083 759 1138 argumentis
798 1082 898 1123 dilui
932 1098 1017 1124 non
1053 1082 1173 1124 facile
1209 1089 1290 1132 est,
1331 1081 1423 1123 ioco

72 1145 238 1199 risuque
266 1146 468 1186 dissolvit.
513 1153 717 1198 quatenus
744 1152 883 1186 autem
910 1144 991 1185 sint
1014 1145 1187 1186 ridicula
1211 1145 1425 1185 tractanda

73 1208 242 1257 oratori,
278 1222 478 1262 perquam
509 1207 727 1262 diligenter
768 1207 993 1248 videndum
1029 1215 1110 1257 est,
1152 1206 1196 1247 id
1237 1207 1347 1260 quod
1381 1206 1424 1246 in

73 1277 218 1322 quarto
255 1269 344 1310 loco
383 1269 608 1323 quaerendi
648 1284 933 1324 posueramus.
1004 1284 1102 1309 nam
1137 1282 1214 1309 nec
1249 1268 1423 1323 insignis

72 1331 313 1386 improbitas
347 1339 385 1371 ct
419 1331 573 1372 scelere
609 1331 749 1372 iuncta
772 1345 849 1372 nee
878 1346 1021 1372 rursus
1059 1330 1225 1372 miseria
1248 1330 1423 1385 insignis

74 1394 230 1447 agitata
255 1393 427 1433 ridetur:
464 1393 722 1435 facinorosos
739 1420 742 1431 .
759 1393 914 1435 maiore
946 1393 1126 1446 quadam
1151 1392 1192 1433 vi
1223 1407 1347 1446 quam
1370 1392 1425 1432 ri-

74 1454 197 1494 diculi
236 1454 441 1495 volnerari
476 1455 638 1505 volunt3
680 1454 854 1497 miseros
891 1455 1022 1495 inludi
1057 1455 1220 1504 nolunt,
1263 1454 1342 1495 nisi
1380 1469 1424 1495 se

73 1517 177 1557 forte
203 1515 373 1566 iactant3
411 1517 665 1571 parcendum
696 1524 835 1558 autem
864 1517 1043 1558 maxime
1075 1524 1138 1558 est
1168 1516 1327 1558 caritati
1350 1516 1425 1557 ho-

72 1578 247 1626 minum,
286 1593 336 1618 ne
374 1587 528 1620 temere
564 1579 607 1619 in
643 1594 713 1620 eos
752 1579 884 1629 dicas,
923 1579 992 1632 qui
1023 1579 1260 1634 diliguntur.
1321 1579 1424 1619 haee

72 1640 196 1693 igitur
222 1641 456 1681 adhibenda
486 1648 550 1682 est
579 1641 758 1696 primum
787 1641 830 1682 in
860 1642 1035 1682 iocando
1065 1641 1327 1691 moderatio,
1348 1641 1425 1682 ita-

74 1717 151 1755 que
184 1718 232 1742 ea
263 1703 456 1743 facillime
492 1703 706 1752 luduntur,
744 1719 849 1757 quae
880 1718 1014 1757 neque
1045 1703 1140 1744 odio
1171 1718 1322 1758 magno
1352 1718 1425 1744 ne-

73 1779 151 1816 que
177 1764 458 1805 misericordia
482 1765 665 1806 maxima
691 1765 819 1820 digna
845 1773 958 1815 sunt3
998 1779 1123 1818 quam
1148 1765 1201 1806 ob
1225 1780 1313 1806 rem
1337 1781 1425 1806 ma-

73 1825 193 1866 teries
235 1826 368 1867 omnis
405 1826 672 1868 ridiculorum
709 1827 840 1868 estin
865 1827 923 1868 eis
957 1827 1087 1876 vitiis,
1127 1839 1231 1880 quae
1264 1827 1424 1868 suntin

72 1887 156 1928 vita
187 1887 399 1928 hominum
429 1904 562 1942 neque
600 1903 789 1930 carorum
819 1903 953 1942 neque
989 1889 1323 1929 calamitosorum
1353 1903 1425 1930 ne-

73 1964 151 2002 que
178 1965 331 1999 eorum,
359 1950 429 2003 qui
454 1951 506 1992 ob
532 1951 693 1991 facinus
720 1951 773 1991 ad
798 1951 1045 2007 supplicium
1070 1950 1257 2006 rapiendi
1282 1951 1425 1992 viden-

74 2018 156 2060 tur3
188 2026 317 2064 eaque
343 2013 450 2053 belle
476 2013 632 2068 agitata
654 2013 853 2054 ridentur.
914 2021 977 2054 est
1003 2013 1126 2054 etiam
1151 2013 1425 2054 deformitatis

74 2082 112 2114 et
151 2073 332 2127 corporis
371 2074 564 2115 vitiorum
602 2076 701 2116 satis
738 2075 848 2116 bella
882 2075 1075 2116 materies
1102 2075 1155 2115 ad
1184 2074 1422 2124 iocandum3

75 2135 147 2175 sed
173 2135 405 2186 quaerimus
430 2136 552 2185 idem,
581 2137 690 2190 quod
714 2137 756 2177 in
782 2137 927 2178 ceteris
952 2137 1076 2178 rebus
1097 2136 1275 2177 maxime
1301 2151 1426 2190 quae-

73 2196 245 2235 rendum
288 2203 368 2245 est,
412 2205 634 2250 quatenus3
683 2198 726 2238 in
768 2213 847 2252 quo
889 2214 973 2239 non
1020 2198 1123 2238 illud
1162 2198 1424 2254 praecipitur,

74 2272 125 2297 ne
163 2257 261 2309 quid
297 2257 470 2307 insulse,
521 2260 595 2300 sed
631 2260 772 2309 etiam,
817 2260 852 2301 si
886 2260 1131 2315 perridicule
1167 2260 1322 2314 possis,
1365 2261 1426 2301 vi-

74 2319 244 2358 tandum
283 2327 345 2359 est
381 2321 533 2361 oratori
567 2328 805 2375 utrumque,
842 2337 894 2362 ne
920 2330 990 2362 aut
1027 2322 1207 2362 scurrilis
1232 2321 1346 2363 iocus
1374 2322 1426 2363 sit

76 2389 143 2419 aut
170 2380 371 2421 mimicus,
432 2396 536 2434 quae
562 2382 677 2423 cuius
702 2383 814 2424 modi
847 2384 927 2424 sint
963 2384 1124 2424 facilius
1150 2384 1232 2424 iam
1267 2384 1426 2427 intelle-

75 2457 239 2496 gemus,
267 2456 359 2482 cum
385 2443 438 2483 ad
462 2443 553 2498 ipsa
576 2444 842 2485 ridiculorum
867 2460 1021 2499 genera
1046 2445 1272 2488 veniemus.

154 2504 252 2545 Duo
286 2513 381 2544 suut
418 2506 526 2545 enim
557 2521 712 2560 genera
747 2507 1008 2556 facetiarum,
1047 2522 1222 2560 quorum
1252 2508 1424 2550 alterum

75 2580 118 2605 re
146 2574 359 2615 tractatur,
387 2567 560 2607 alterum
586 2568 713 2609 dieto:
751 2584 813 2618 re,
841 2569 875 2610 si
900 2569 1065 2623 quando
1091 2570 1190 2623 quid
1214 2576 1423 2624 tamquam

75 2627 211 2680 aliqua
237 2629 390 2670 sabella
408 2637 607 2679 narratur,
633 2639 678 2671 ut
703 2631 799 2672 olim
825 2639 881 2681 tn,
909 2630 1075 2681 Crasse,
1101 2632 1143 2673 in
1162 2632 1422 2684 Memmium,

76 2689 304 2730 comedisse
331 2705 425 2731 eum
455 2691 655 2732 lacertum
680 2692 829 2748 Largi,
867 2708 961 2734 cum
991 2701 1102 2735 esset
1126 2709 1219 2736 cum
1244 2710 1292 2737 eo
1318 2696 1423 2737 Tar-

75 2750 236 2791 racinae
275 2752 324 2792 de
362 2753 537 2796 amicula
573 2754 748 2797 rixatus:
787 2755 914 2807 salsa,
954 2770 1001 2797 ao
1037 2762 1175 2807 tamen
1207 2773 1230 2799 a
1259 2765 1299 2799 te
1328 2757 1421 2814 ipso

145 2816 288 2845 Cleerout's
303 2819 355 2845 rol.
374 2818 406 2846 ΙΙ.
1173 2827 1193 2856 8

1448 1161 1496 1186 237

1447 1576 1491 1609 59

1447 1623 1498 1648 238

1448 2029 1498 2053 239

1446 2587 1497 2612 240
