1859 3069
567 225 776 262 ORATOR
800 225 956 261 34—39.
1356 216 1440 258 285

85 324 237 366 genera
271 308 391 364 plura
422 307 529 349 sint?
564 308 643 349 hac
678 323 756 364 ego
792 307 992 363 religione
1027 298 1110 349 non
1148 322 1241 349 sum
1273 306 1325 348 ab
1360 306 1441 347 hoc

85 378 234 413 conatu
258 371 450 426 repulsus
477 370 794 424 existimavique
818 370 861 411 in
885 369 1076 411 omnibus
1097 370 1221 411 rebus
1248 383 1341 410 esse
1368 369 1441 409 ali-

85 434 183 486 quid
213 433 433 488 optimum,
460 432 623 474 etiamsi
659 433 824 481 lateret,
860 432 984 485 idque
1022 432 1073 472 ab
1111 446 1160 473 eo
1189 446 1334 487 posse,
1372 431 1441 484 qui

85 495 172 536 cius
197 495 256 535 rei
282 510 436 550 gnarus
469 502 599 544 esset,
636 494 821 535 iudicari.
883 495 958 535 sed
983 494 1177 548 quoniam
1200 494 1320 549 plura
1345 501 1442 534 sunt

85 557 317 598 orationum
342 572 497 612 genera
529 571 659 610 eaque
691 556 857 597 diversa
887 570 1022 609 neque
1048 556 1090 596 in
1114 571 1241 597 unam
1265 556 1442 597 formam

86 618 239 659 cadunt
265 619 420 668 omnia3
458 619 743 659 laudationum
778 616 1084 673 [scriptionum]
1114 625 1153 658 et
1178 617 1443 659 historiarum

86 688 127 720 ct
163 680 305 721 talium
344 681 602 730 suasionum,
641 680 807 733 qualem
843 680 1052 721 Isocrates
1089 680 1187 721 fecit
1222 679 1445 735 panegyri—

87 757 180 782 cum
221 742 422 795 multique
468 742 554 791 alii,
599 742 669 795 qui
706 748 803 782 sunt
838 741 1040 782 nominati
1077 741 1308 797 sophistae,
1350 741 1445 782 reli-

87 818 343 857 quarumque
367 819 506 844 rerum
530 804 720 852 formam,
748 817 853 856 quac
879 804 1031 843 absunt
1052 818 1076 843 a
1094 803 1251 844 forensi
1276 810 1445 844 conten-

88 866 198 906 tione
230 866 401 918 eiusque
435 865 560 906 totius
597 864 783 919 generis,
823 864 933 917 quod
965 863 1126 905 Graece
1159 862 1445 906 ἐπιδεικτικὸν

86 928 332 976 nominatur,
355 927 466 981 quod
484 927 603 980 quasi
623 927 675 967 ad
687 926 992 981 inspiciendum
1013 926 1297 968 delectationis
1319 941 1446 968 causa

87 997 373 1046 comparatum
398 997 480 1039 est,
517 1004 601 1030 non
627 989 878 1044 complectar
904 988 982 1029 hoc
1013 995 1218 1044 tempore,
1255 1004 1338 1029 non
1364 1003 1445 1041 quo

86 1052 348 1107 neglegenda
374 1051 444 1101 sit3
482 1058 545 1092 est
570 1051 681 1091 enim
711 1051 782 1091 illa
813 1051 931 1104 quasi
966 1050 1106 1091 nutrix
1138 1050 1226 1091 eius
1257 1051 1445 1099 oratoris,

87 1128 209 1167 quem
233 1113 458 1154 informare
494 1112 685 1154 volumus
713 1120 753 1153 et
778 1112 828 1153 de
855 1127 936 1166 quo
972 1112 1165 1153 molimur
1196 1112 1352 1165 aliquid
1376 1127 1448 1152 ex-

86 1175 276 1229 quisitius
316 1175 472 1216 dicere:
511 1175 563 1216 ab
588 1175 666 1215 hac
692 1183 732 1215 et
756 1175 979 1216 verborum
1010 1174 1130 1230 copia
1161 1174 1282 1215 alitur
1313 1182 1354 1215 et
1378 1189 1447 1215 eo-

85 1252 179 1277 rum
209 1237 463 1278 constructio
490 1244 531 1278 et
554 1251 754 1277 numerus
785 1236 978 1277 liberiore
1017 1236 1197 1290 quadam
1227 1236 1376 1276 fruitur
1399 1236 1448 1275 li-

88 1298 240 1348 centia3
285 1299 405 1340 datur
442 1299 568 1340 etiam
604 1298 727 1340 venia
764 1298 1031 1340 concinnitati
1074 1297 1371 1339 sententiarum
1408 1305 1449 1339 et

88 1360 224 1415 arguti
254 1361 437 1414 certique
469 1368 511 1402 et
541 1360 840 1415 circumscripti
876 1361 1098 1401 verborum
1136 1360 1313 1400 ambitus
1351 1374 1449 1401 con-

88 1423 311 1471 ceduntur,
350 1423 400 1463 de
426 1422 712 1476 industriaque
738 1431 772 1463 et
803 1437 886 1463 non
912 1437 963 1462 ex
988 1421 1168 1471 insidiis,
1208 1422 1282 1462 sed
1307 1429 1447 1476 aperte

89 1499 136 1525 ac
166 1484 304 1540 palam
335 1484 587 1535 elaboratur,
624 1492 670 1525 ut
700 1485 828 1526 verba
858 1483 996 1525 verbis
1028 1483 1147 1537 quasi
1178 1483 1377 1524 demensa
1407 1491 1447 1524 et

86 1547 204 1602 paria
226 1547 525 1602 respondeant,
550 1553 597 1587 ut
622 1547 766 1588 crebro
792 1546 1058 1587 conferantur
1081 1545 1313 1601 pugnantia
1337 1559 1450 1586 com-

87 1616 366 1664 parenturque
392 1608 616 1657 contraria,
655 1615 696 1649 et
720 1615 766 1648 ut
789 1608 943 1663 pariter
968 1615 1153 1649 extrema
1178 1607 1449 1648 terminentur

88 1671 349 1724 eundemque
373 1671 556 1711 referant
580 1670 623 1711 in
649 1670 836 1711 cadendo
870 1684 1037 1719 sonum,
1077 1684 1182 1723 quae
1207 1669 1250 1709 in
1275 1669 1448 1710 veritate

88 1747 307 1774 causarum
333 1740 374 1774 et
397 1733 529 1774 rarius
560 1733 692 1774 multo
724 1733 899 1774 facimus
927 1740 966 1773 et
992 1739 1101 1774 certe
1133 1732 1347 1774 occultius.
1407 1733 1448 1773 in

87 1793 398 1836 Panathenaico
436 1802 575 1836 autem
610 1795 820 1836 Isocrates
859 1809 909 1836 ea
946 1794 1130 1836 studiose
1166 1809 1206 1835 se
1236 1802 1450 1836 consecta-

89 1865 176 1898 tum
201 1857 372 1907 fatetur3
409 1873 494 1898 non
530 1857 640 1898 enim
666 1857 719 1898 ad
742 1857 989 1898 iudiciorum
1022 1864 1248 1906 certamen,
1288 1856 1362 1897 sed
1398 1856 1451 1897 ad

93 1919 345 1974 voluptatem
382 1919 542 1960 aurium
580 1919 816 1975 scripserat.
888 1919 991 1960 haec
1027 1926 1228 1960 tractasse
1265 1918 1451 1972 Thrasy-

89 1981 283 2021 machum
327 1980 658 2023 Calchedonium
704 1981 884 2036 primum
927 1989 968 2022 et
1007 1980 1265 2022 Leontinum
1312 1980 1451 2021 ferunt

93 2042 315 2097 Gorgiam,
352 2042 621 2084 Theodorum
653 2044 749 2084 inde
773 2043 1027 2097 Byzantium
1064 2043 1301 2096 multosque
1334 2042 1450 2091 alios,

93 2120 196 2159 quos
230 2104 568 2159 λογοόαιόάλους
606 2106 787 2161 appellat
812 2106 855 2146 in
878 2105 1074 2147 Phaedro
1102 2104 1317 2154 Socrates3
1350 2119 1451 2157 quo-

90 2182 183 2207 rum
209 2167 308 2208 satis
335 2174 481 2222 arguta
504 2168 648 2218 multa,
676 2169 750 2210 sed
774 2176 820 2209 ut
844 2169 968 2210 modo
989 2168 1251 2224 primumque
1277 2181 1452 2208 nasccn-

93 2229 150 2269 tia
179 2228 337 2270 minuta
367 2236 408 2271 et
437 2230 737 2271 versiculorum
775 2230 925 2271 similia
962 2231 1166 2283 quaedam
1196 2229 1452 2282 nimiumque

94 2291 275 2346 depicta:
301 2306 382 2345 quo
407 2292 541 2347 magis
569 2300 664 2334 sunt*
688 2293 929 2334 Herodotus
953 2292 1305 2347 Thucydidesque
1329 2291 1452 2332 mira-

93 2353 198 2394 biles
207 2370 218 2402 3
256 2368 431 2406 quorum
456 2361 570 2396 aetas
597 2368 692 2395 cum
716 2355 759 2395 in
784 2369 927 2396 eorum
952 2362 1158 2409 tempora,
1191 2368 1294 2407 quos
1320 2352 1453 2394 nomi-

93 2415 209 2465 navi,
246 2415 480 2465 incidisset,
516 2416 760 2471 longissime
793 2424 933 2458 tamen
962 2416 1043 2472 ipsi
1068 2432 1093 2457 a
1117 2416 1267 2457 talibus
1294 2414 1451 2456 deliciis

94 2478 161 2519 vel
185 2477 323 2533 potius
354 2478 520 2533 ineptiis
557 2479 764 2520 afuerunt.
825 2479 927 2520 alter
958 2479 1068 2520 enim
1100 2477 1188 2519 sine
1219 2477 1313 2518 ullis
1347 2477 1452 2518 sale-

95 2540 179 2581 bris
205 2540 325 2593 quasi
357 2541 526 2582 sedatus
566 2541 698 2582 amnis
730 2541 838 2591 fluit,
877 2541 980 2582 alter
1016 2540 1221 2581 incitatior
1257 2540 1386 2581 fertur
1411 2546 1451 2581 et

96 2602 146 2643 de
182 2602 341 2643 bellicis
378 2603 504 2644 rebus
548 2603 657 2644 canit
696 2603 820 2644 etiam
857 2602 1038 2656 quodam
1072 2602 1196 2644 modo
1237 2601 1449 2651 bellicum3

94 2664 321 2718 primisque
359 2665 410 2706 ab
447 2664 533 2714 his,
577 2672 623 2706 ut
659 2665 715 2706 ait
751 2664 1088 2720 Theophrastus,
1131 2663 1304 2705 historia
1339 2677 1450 2704 com-

95 2732 207 2768 mota
231 2733 307 2777 est,
332 2733 379 2767 ut
403 2727 573 2769 auderet
597 2726 763 2769 uberius
791 2741 914 2781 quam
941 2726 1173 2783 superiores
1199 2732 1240 2768 et
1264 2725 1448 2767 ornatius

1472 512 1502 535 37

1477 1317 1510 1342 88

1481 1936 1513 1960 39
