1859 3069
302 900 345 933 17

307 947 339 971 74

305 1227 337 1252 75

299 2719 329 2744 79

376 193 429 235 16
669 243 672 245 Α
773 205 823 240 Μ.
852 204 1030 241 TULLII
1055 203 1318 241 CICERONIS

371 283 536 335 ludunt,
573 301 655 327 non
680 294 850 327 utuntur
880 286 922 326 in
946 286 1038 340 ipsa
1066 285 1226 327 lusione
1258 287 1427 329 artificio
1456 287 1621 343 proprio
1646 303 1719 344 pa-

371 346 565 395 laestrae,
599 349 672 389 sed
696 348 847 388 indicat
872 347 961 402 ipse
986 354 1141 397 motus,
1173 348 1440 390 didicerintne
1470 350 1719 406 palaestram

372 423 425 449 an
448 410 652 458 nesciant,
679 418 719 450 et
744 409 813 462 qui
839 409 993 462 aliquid
1017 409 1196 464 fingunt,
1222 411 1299 452 etsi
1324 419 1410 452 tum
1433 412 1592 466 pictura
1616 412 1718 452 nihil

370 479 558 520 utuntur,
595 478 749 520 tamen,
786 478 923 511 utrum
955 471 1287 527 sciantwpingere
1318 488 1370 514 an
1393 474 1598 523 nesciant,
1635 489 1718 515 non

371 533 594 572 obscurum
619 540 700 581 est,
740 532 798 573 sic
829 532 872 574 in
902 533 1155 574 orationibus
1186 534 1300 575 hisce
1329 535 1430 590 ipsis
1460 535 1716 585 iudiciorum,

371 595 625 642 contionum,
664 603 852 645 senatus,
891 595 1014 636 etiam
1046 596 1081 637 si
1109 597 1273 652 proprie
1305 605 1464 639 ceterae
1494 613 1577 639 non
1602 599 1719 640 adhi-

369 655 544 696 beantur
583 663 711 705 artes,
755 664 894 698 tamen
930 658 1050 699 facile
1088 658 1336 708 declaratur,
1379 667 1516 700 utrum
1550 659 1605 709 is,
1648 660 1718 713 qui

371 717 497 766 dicat,
524 719 807 761 tantummodo
832 719 874 760 in
898 720 976 761 hoc
1001 720 1292 762 declamatorio
1319 721 1371 762 sit
1395 737 1517 776 opere
1542 722 1716 763 iactatus

369 793 421 818 an
447 779 499 819 ad
525 780 745 821 dicendum
769 781 959 823 omnibus
989 781 1180 837 ingenuis
1212 783 1368 824 artibus
1400 783 1624 825 instructus
1650 798 1718 825 ac-

375 841 571 883 cesserit.’

449 903 559 944 Tum
594 904 733 946 ridens
773 904 976 947 Scaevola
1018 910 1118 947 ‘non
1155 907 1340 949 luctabor
1376 908 1548 957 tecum,’
1585 908 1716 962 inquit

370 963 557 1014 ‘Crasse‚
584 967 779 1022 amplius3
805 967 848 1008 id
872 968 980 1009 enim
998 968 1147 1023 ipsum,
1174 970 1284 1022 quod
1303 978 1443 1011 contra
1468 985 1533 1011 me
1553 970 1714 1011 locutus

368 1041 432 1075 es,
459 1028 629 1069 artificio
656 1029 835 1082 quodam
859 1045 903 1070 es
929 1039 1195 1080 consecutus,
1227 1039 1273 1071 ut
1296 1039 1336 1072 et
1360 1032 1478 1080 mihi,
1506 1046 1610 1085 quae
1636 1046 1714 1085 ego

367 1089 516 1130 vellem
551 1105 635 1131 non
671 1106 763 1132 esse
799 1092 990 1141 oratoris,
1027 1093 1274 1134 concederes
1306 1101 1346 1134 et
1375 1109 1424 1134 ea
1453 1094 1544 1148 ipsa
1574 1093 1714 1134 nescio

368 1164 449 1203 quo
479 1152 602 1193 modo
633 1168 776 1194 rursus
809 1154 1072 1208 detorqueres
1106 1163 1227 1209 atque
1258 1156 1408 1196 oratori
1443 1155 1610 1210 propria
1634 1164 1715 1196 tra-

369 1213 505 1262 deres3
539 1229 662 1267 quae,
695 1229 788 1256 cum
813 1231 890 1271 ego
915 1225 1080 1271 praetor
1103 1218 1299 1258 Rhodum
1323 1218 1531 1258 venissem
1556 1224 1597 1258 et
1620 1232 1713 1257 cum

366 1275 435 1316 illo
462 1291 621 1318 summo
647 1277 813 1319 doctore
837 1278 955 1319 istius
983 1279 1223 1333 disciplinae
1247 1280 1472 1334 Apollonio
1503 1294 1569 1328 ea,
1608 1293 1712 1332 quae

367 1354 389 1378 a
414 1338 613 1379 Panaetio
650 1353 909 1394 acceperam,
948 1341 1233 1390 contulissem,
1272 1341 1406 1381 inrisit
1434 1342 1502 1382 ille
1534 1342 1712 1394 quidem,

365 1409 411 1441 ut
448 1402 622 1451 solebat,
669 1400 1012 1459 [philosophiam]
1057 1411 1180 1456 atque
1217 1404 1462 1458 contempsit
1503 1404 1712 1457 multaque

364 1479 448 1503 non
473 1471 556 1504 tam
580 1464 760 1519 graviter
785 1465 887 1505 dixit
911 1479 1035 1518 quam
1054 1466 1205 1515 facete3
1231 1473 1302 1506 tua
1321 1473 1457 1506 autem
1481 1465 1559 1506 fuit
1583 1465 1712 1506 oratio

366 1525 452 1566 cius
477 1526 601 1575 modi,
626 1542 710 1567 non
733 1534 780 1567 ut
803 1527 930 1568 ullam
955 1536 1084 1568 artem
1109 1528 1388 1568 doctrinamve
1414 1536 1711 1577 contemneres,

366 1588 440 1628 sed
468 1596 513 1628 ut
544 1589 676 1629 omnis
713 1589 884 1630 comites
917 1604 965 1630 ac
994 1589 1305 1630 ministratrices
1336 1590 1508 1631 oratoris
1534 1605 1626 1631 esse
1652 1590 1712 1630 di-

302 1661 316 1685 τ
365 1663 478 1690 ceres
488 1666 497 1698 ;
535 1664 636 1702 quas
663 1665 740 1705 ego
767 1651 801 1691 si
833 1651 924 1704 quis
952 1651 1004 1692 sit
1028 1667 1134 1692 unus
1161 1652 1399 1706 complexus
1426 1651 1557 1692 omnis
1582 1652 1712 1692 idem-

364 1725 443 1764 que
481 1711 515 1751 si
551 1712 603 1752 ad
639 1727 708 1753 eas
752 1712 990 1754 facultatem
1024 1713 1147 1754 istam
1189 1713 1473 1754 ornatissimae
1515 1713 1709 1753 orationis

363 1773 612 1822 adiunxerit,
644 1789 727 1815 non
750 1790 923 1829 possum
955 1775 1090 1816 dicere
1116 1790 1210 1815 eum
1234 1790 1317 1815 non
1343 1775 1555 1829 egregium
1582 1789 1710 1828 quen-

362 1836 457 1875 dam
493 1835 702 1876 hominem
739 1844 861 1890 atque
893 1837 1179 1878 admirandum
1209 1836 1316 1885 fore3
1357 1837 1429 1877 scd
1458 1837 1514 1885 is,
1552 1837 1586 1876 si
1619 1837 1709 1889 quis

361 1905 472 1938 esset
509 1905 578 1938 aut
604 1898 639 1938 si
664 1898 787 1939 etiam
816 1913 1013 1952 umquam
1043 1898 1191 1939 fuisset
1221 1906 1291 1938 aut
1314 1913 1411 1939 vero
1438 1898 1472 1938 si
1497 1913 1589 1939 esse
1613 1913 1711 1952 pos-

362 1966 436 2008 set,
463 1966 506 1999 tu
532 1974 646 2000 esses
666 1975 773 2001 unus
791 1961 990 2016 profecto,
1017 1960 1087 2014 qui
1112 1968 1153 2001 et
1175 1960 1436 2001 meoiudicio
1463 1968 1503 2000 et
1527 1960 1710 2000 omnium

360 2021 430 2061 vix
466 2022 593 2062 ullam
629 2022 775 2063 ceteris
813 2022 1042 2064 oratoribus
1067 2046 1124 2051 ——
1147 2037 1248 2077 pace
1280 2022 1427 2063 horum
1458 2022 1630 2063 dixerim
1653 2047 1711 2052 —-

319 2102 332 2125 τ
363 2083 529 2125 laudem
563 2084 778 2137 reliquisti.
838 2100 981 2126 verum
1013 2084 1047 2125 si
1078 2084 1151 2125 tibi
1182 2084 1260 2139 ipsi
1291 2084 1392 2124 nihil
1428 2084 1562 2133 deest,
1600 2085 1710 2137 quod

359 2146 402 2186 in
443 2146 677 2188 forensibus
719 2147 842 2187 rebus
886 2147 1157 2200 civilibusque
1199 2156 1403 2196 versetur,
1447 2146 1545 2199 quin
1587 2146 1707 2196 scias,

360 2223 493 2262 neque
519 2224 610 2250 eam
634 2216 773 2249 tamen
798 2208 1023 2258 scientiam,
1050 2223 1172 2262 quam
1194 2209 1385 2263 adiungis
1408 2208 1570 2257 oratori,
1598 2222 1709 2249 com-

360 2271 505 2325 plexus
532 2287 596 2321 es,
634 2272 848 2312 videamus
878 2286 930 2312 ne
954 2272 1048 2327 plus
1075 2271 1112 2312 ci
1138 2271 1386 2319 tribuamus,
1424 2285 1547 2324 quam
1575 2284 1642 2310 res
1668 2278 1708 2311 et

299 2348 330 2356 ”s
361 2333 510 2373 veritas
547 2333 640 2388 ipsa
675 2333 900 2374 concedat.'
972 2333 1038 2373 hic
1076 2332 1256 2374 Crassus
1295 2331 1538 2373 ‘memento’
1576 2331 1708 2385 inquit

363 2397 445 2434 ‘me
469 2410 552 2435 non
578 2395 628 2436 de
652 2410 763 2444 mea,
802 2395 876 2436 sed
901 2395 951 2436 de
977 2395 1150 2436 oratoris
1176 2394 1372 2435 facultate
1398 2393 1570 2443 dixisse3
1608 2393 1708 2447 quid

361 2455 469 2495 enim
493 2471 568 2497 nos
601 2464 671 2497 aut
696 2457 911 2497 didicimus
945 2465 1015 2497 aut
1041 2456 1144 2497 scire
1169 2456 1398 2511 potuimus,
1437 2456 1504 2508 qui
1535 2464 1628 2495 ante
1653 2454 1705 2494 ad

361 2518 584 2569 agendum,
629 2534 752 2571 quam
788 2519 841 2559 ad
888 2519 1222 2574 cognoscendum
1263 2518 1469 2566 veni1nus3
1518 2531 1620 2570 quos
1661 2516 1705 2556 in

360 2578 466 2626 foro,
505 2594 606 2631 quos
645 2581 687 2620 in
724 2581 963 2630 ambitione,
1003 2596 1105 2634 quos
1137 2580 1178 2621 in
1218 2595 1261 2620 re
1303 2580 1486 2634 publica,
1524 2593 1625 2631 quos
1662 2577 1703 2618 in

361 2639 583 2680 amicorum
619 2643 795 2695 negotiis
832 2658 898 2683 res
930 2643 1021 2697 ipsa
1051 2650 1144 2683 ante
1175 2642 1369 2690 confecit,
1407 2655 1529 2693 quam
1558 2654 1704 2694 posse-

360 2717 451 2743 mus
477 2702 631 2756 aliquid
656 2705 705 2744 de
730 2705 854 2746 rebus
881 2706 1004 2747 tantis
1026 2705 1250 2760 suspicari?
1275 2703 1421 2758 quodsi
1446 2702 1519 2743 tibi
1542 2711 1701 2744 tantum
