<?xml version="1.0" encoding="UTF-8"?>
<!DOCTYPE html PUBLIC "-//W3C//DTD XHTML 1.0 Transitional//EN"
    "http://www.w3.org/TR/xhtml1/DTD/xhtml1-transitional.dtd">
<html xmlns="http://www.w3.org/1999/xhtml" xml:lang="en" lang="en">
 <head>
  <title>
</title>
<meta http-equiv="Content-Type" content="text/html;charset=utf-8" />
  <meta name='ocr-system' content='tesseract 3.04.00' />
  <meta name='ocr-capabilities' content='ocr_page ocr_carea ocr_par ocr_line ocrx_word'/>
</head>
<body>
  <div class='ocr_page' id='page_1' title='image "./operaquaesupers02ciceuoft/operaquaesupers02ciceuoft_0288.png"; bbox 0 0 1859 3069; ppageno 0'>
   <div class='ocr_carea' id='block_1_1' title="bbox 315 317 363 340">
    <p class='ocr_par' dir='ltr' id='par_1_1' title="bbox 315 317 363 340">
     <span class='ocr_line' id='line_1_1' title="bbox 315 317 363 340; baseline 0 -1"><span class='ocrx_word' id='word_1_1' title='bbox 315 317 363 340; x_wconf 72' lang='lat' dir='ltr'>2ss</span> 
     </span>
    </p>
   </div>
   <div class='ocr_carea' id='block_1_2' title="bbox 318 851 367 922">
    <p class='ocr_par' dir='ltr' id='par_1_2' title="bbox 318 851 367 922">
     <span class='ocr_line' id='line_1_2' title="bbox 325 851 367 883; baseline 0.048 -2"><span class='ocrx_word' id='word_1_2' title='bbox 325 851 367 883; x_wconf 72' lang='lat'>&lt;39</span> 
     </span>
     <span class='ocr_line' id='line_1_3' title="bbox 318 899 367 922; baseline 0 0"><span class='ocrx_word' id='word_1_3' title='bbox 318 899 367 922; x_wconf 68' lang='lat'>242</span> 
     </span>
    </p>
   </div>
   <div class='ocr_carea' id='block_1_3' title="bbox 323 1545 373 1568">
    <p class='ocr_par' dir='ltr' id='par_1_3' title="bbox 323 1545 373 1568">
     <span class='ocr_line' id='line_1_4' title="bbox 323 1545 373 1568; baseline 0 0"><span class='ocrx_word' id='word_1_4' title='bbox 323 1545 373 1568; x_wconf 74' lang='lat'>2-13</span> 
     </span>
    </p>
   </div>
   <div class='ocr_carea' id='block_1_4' title="bbox 333 2098 382 2122">
    <p class='ocr_par' dir='ltr' id='par_1_4' title="bbox 333 2098 382 2122">
     <span class='ocr_line' id='line_1_5' title="bbox 333 2098 382 2122; baseline 0 0"><span class='ocrx_word' id='word_1_5' title='bbox 333 2098 382 2122; x_wconf 67' lang='lat'>244</span> 
     </span>
    </p>
   </div>
   <div class='ocr_carea' id='block_1_5' title="bbox 342 2633 384 2664">
    <p class='ocr_par' dir='ltr' id='par_1_5' title="bbox 342 2633 384 2664">
     <span class='ocr_line' id='line_1_6' title="bbox 342 2633 384 2664; baseline -0.024 -1"><span class='ocrx_word' id='word_1_6' title='bbox 342 2633 384 2664; x_wconf 77' lang='lat'>70</span> 
     </span>
    </p>
   </div>
   <div class='ocr_carea' id='block_1_6' title="bbox 386 204 1325 245">
    <p class='ocr_par' dir='ltr' id='par_1_6' title="bbox 386 204 1325 245">
     <span class='ocr_line' id='line_1_7' title="bbox 386 204 1325 245; baseline -0.004 0"><span class='ocrx_word' id='word_1_7' title='bbox 386 204 468 245; x_wconf 75' lang='lat'>252</span> <span class='ocrx_word' id='word_1_8' title='bbox 790 210 840 242; x_wconf 84' lang='lat' dir='ltr'><strong>M.</strong></span> <span class='ocrx_word' id='word_1_9' title='bbox 866 207 1038 243; x_wconf 72' lang='lat' dir='ltr'>TULLu</span> <span class='ocrx_word' id='word_1_10' title='bbox 1063 205 1325 241; x_wconf 67' lang='lat' dir='ltr'>CtCERONIS</span> 
     </span>
    </p>
   </div>
   <div class='ocr_carea' id='block_1_7' title="bbox 388 286 1754 2687">
    <p class='ocr_par' dir='ltr' id='par_1_7' title="bbox 388 286 1749 2060">
     <span class='ocr_line' id='line_1_8' title="bbox 390 286 1736 348; baseline -0.007 -14"><span class='ocrx_word' id='word_1_11' title='bbox 390 309 549 348; x_wconf 86' lang='lat' dir='ltr'>parum.</span> <span class='ocrx_word' id='word_1_12' title='bbox 611 298 697 331; x_wconf 86' lang='lat' dir='ltr'>crat</span> <span class='ocrx_word' id='word_1_13' title='bbox 727 289 816 330; x_wconf 90' lang='lat' dir='ltr'>eius</span> <span class='ocrx_word' id='word_1_14' title='bbox 854 286 1035 340; x_wconf 81' lang='lat' dir='ltr'>aequalis</span> <span class='ocrx_word' id='word_1_15' title='bbox 1067 286 1117 326; x_wconf 91' lang='lat' dir='ltr'>P.</span> <span class='ocrx_word' id='word_1_16' title='bbox 1143 286 1372 326; x_wconf 83' lang='lat' dir='ltr'>Autronius</span> <span class='ocrx_word' id='word_1_17' title='bbox 1406 300 1504 327; x_wconf 82' lang='lat' dir='ltr'>voce</span> <span class='ocrx_word' id='word_1_18' title='bbox 1541 293 1736 340; x_wconf 86' lang='lat' dir='ltr'>peracuta</span> 
     </span>
     <span class='ocr_line' id='line_1_9' title="bbox 389 346 1734 408; baseline -0.008 -12"><span class='ocrx_word' id='word_1_19' title='bbox 389 365 511 408; x_wconf 85' lang='lat' dir='ltr'>atquc</span> <span class='ocrx_word' id='word_1_20' title='bbox 537 367 707 406; x_wconf 84' lang='lat' dir='ltr'>magna,</span> <span class='ocrx_word' id='word_1_21' title='bbox 733 364 809 390; x_wconf 89' lang='lat' dir='ltr'>nec</span> <span class='ocrx_word' id='word_1_22' title='bbox 835 349 916 389; x_wconf 84' lang='lat' dir='ltr'>alia</span> <span class='ocrx_word' id='word_1_23' title='bbox 938 363 982 388; x_wconf 90' lang='lat' dir='ltr'>re</span> <span class='ocrx_word' id='word_1_24' title='bbox 1008 347 1092 387; x_wconf 83' lang='lat' dir='ltr'>ulla</span> <span class='ocrx_word' id='word_1_25' title='bbox 1115 347 1360 401; x_wconf 86' lang='lat' dir='ltr'>probabilis,</span> <span class='ocrx_word' id='word_1_26' title='bbox 1386 356 1427 388; x_wconf 82' lang='lat' dir='ltr'>ct</span> <span class='ocrx_word' id='word_1_27' title='bbox 1450 348 1502 388; x_wconf 89' lang='lat' dir='ltr'>L.</span> <span class='ocrx_word' id='word_1_28' title='bbox 1531 346 1734 388; x_wconf 70' lang='lat' dir='ltr'>Octavius</span> 
     </span>
     <span class='ocr_line' id='line_1_10' title="bbox 388 408 1734 465; baseline -0.007 -8"><span class='ocrx_word' id='word_1_29' title='bbox 388 415 601 462; x_wconf 77' lang='lat' dir='ltr'>Reatinus,</span> <span class='ocrx_word' id='word_1_30' title='bbox 628 412 697 465; x_wconf 88' lang='lat' dir='ltr'>qui</span> <span class='ocrx_word' id='word_1_31' title='bbox 721 425 814 451; x_wconf 90' lang='lat' dir='ltr'>cum</span> <span class='ocrx_word' id='word_1_32' title='bbox 839 410 989 450; x_wconf 83' lang='lat' dir='ltr'>multas</span> <span class='ocrx_word' id='word_1_33' title='bbox 1015 409 1097 449; x_wconf 87' lang='lat' dir='ltr'>iam</span> <span class='ocrx_word' id='word_1_34' title='bbox 1121 422 1268 448; x_wconf 86' lang='lat' dir='ltr'>causas</span> <span class='ocrx_word' id='word_1_35' title='bbox 1296 408 1466 456; x_wconf 89' lang='lat' dir='ltr'>diceret,</span> <span class='ocrx_word' id='word_1_36' title='bbox 1493 408 1734 448; x_wconf 74' lang='lat' dir='ltr'>adulescens</span> 
     </span>
     <span class='ocr_line' id='line_1_11' title="bbox 389 468 1735 523; baseline -0.007 -6"><span class='ocrx_word' id='word_1_37' title='bbox 389 485 452 518; x_wconf 87' lang='lat' dir='ltr'>est</span> <span class='ocrx_word' id='word_1_38' title='bbox 486 482 690 522; x_wconf 86' lang='lat' dir='ltr'>mortuus3</span> <span class='ocrx_word' id='word_1_39' title='bbox 716 496 772 501; x_wconf 83' lang='lat'>—-</span> <span class='ocrx_word' id='word_1_40' title='bbox 797 472 830 511; x_wconf 91' lang='lat' dir='ltr'>is</span> <span class='ocrx_word' id='word_1_41' title='bbox 863 479 1002 511; x_wconf 85' lang='lat' dir='ltr'>tamen</span> <span class='ocrx_word' id='word_1_42' title='bbox 1038 470 1089 510; x_wconf 87' lang='lat' dir='ltr'>ad</span> <span class='ocrx_word' id='word_1_43' title='bbox 1126 469 1346 509; x_wconf 81' lang='lat' dir='ltr'>(licendum</span> <span class='ocrx_word' id='word_1_44' title='bbox 1382 468 1572 509; x_wconf 74' lang='lat' dir='ltr'>veniebat</span> <span class='ocrx_word' id='word_1_45' title='bbox 1603 469 1735 523; x_wconf 88' lang='lat' dir='ltr'>magis</span> 
     </span>
     <span class='ocr_line' id='line_1_12' title="bbox 389 530 1737 588; baseline -0.005 -11"><span class='ocrx_word' id='word_1_46' title='bbox 389 538 582 578; x_wconf 77' lang='lat' dir='ltr'>audacter</span> <span class='ocrx_word' id='word_1_47' title='bbox 619 549 742 588; x_wconf 88' lang='lat' dir='ltr'>quam</span> <span class='ocrx_word' id='word_1_48' title='bbox 777 540 920 588; x_wconf 88' lang='lat' dir='ltr'>parate</span> <span class='ocrx_word' id='word_1_49' title='bbox 957 556 1013 561; x_wconf 89' lang='lat'>—-</span> <span class='ocrx_word' id='word_1_50' title='bbox 1043 539 1083 572; x_wconf 92' lang='lat' dir='ltr'>ct</span> <span class='ocrx_word' id='word_1_51' title='bbox 1120 530 1170 572; x_wconf 89' lang='lat' dir='ltr'>C.</span> <span class='ocrx_word' id='word_1_52' title='bbox 1211 530 1424 578; x_wconf 73' lang='lat' dir='ltr'>Staienus,</span> <span class='ocrx_word' id='word_1_53' title='bbox 1463 530 1532 582; x_wconf 88' lang='lat' dir='ltr'>qui</span> <span class='ocrx_word' id='word_1_54' title='bbox 1569 545 1612 570; x_wconf 90' lang='lat' dir='ltr'>se</span> <span class='ocrx_word' id='word_1_55' title='bbox 1649 530 1737 584; x_wconf 85' lang='lat' dir='ltr'>ipse</span> 
     </span>
     <span class='ocr_line' id='line_1_13' title="bbox 389 591 1738 653; baseline -0.007 -14"><span class='ocrx_word' id='word_1_56' title='bbox 389 600 659 653; x_wconf 75' lang='lat' dir='ltr'>adoptaverat</span> <span class='ocrx_word' id='word_1_57' title='bbox 695 604 735 637; x_wconf 84' lang='lat' dir='ltr'>et</span> <span class='ocrx_word' id='word_1_58' title='bbox 765 596 815 636; x_wconf 91' lang='lat' dir='ltr'>de</span> <span class='ocrx_word' id='word_1_59' title='bbox 844 594 1014 635; x_wconf 82' lang='lat' dir='ltr'>Staieno</span> <span class='ocrx_word' id='word_1_60' title='bbox 1039 593 1207 634; x_wconf 82' lang='lat' dir='ltr'>Aelium</span> <span class='ocrx_word' id='word_1_61' title='bbox 1239 593 1410 640; x_wconf 84' lang='lat' dir='ltr'>fecerat,</span> <span class='ocrx_word' id='word_1_62' title='bbox 1448 591 1606 632; x_wconf 81' lang='lat' dir='ltr'>fervido</span> <span class='ocrx_word' id='word_1_63' title='bbox 1637 605 1738 644; x_wconf 90' lang='lat' dir='ltr'>quo-</span> 
     </span>
     <span class='ocr_line' id='line_1_14' title="bbox 390 652 1740 714; baseline -0.006 -13"><span class='ocrx_word' id='word_1_64' title='bbox 390 662 485 701; x_wconf 87' lang='lat' dir='ltr'>dam</span> <span class='ocrx_word' id='word_1_65' title='bbox 516 666 557 700; x_wconf 82' lang='lat' dir='ltr'>et</span> <span class='ocrx_word' id='word_1_66' title='bbox 591 658 792 714; x_wconf 83' lang='lat' dir='ltr'>petulanti</span> <span class='ocrx_word' id='word_1_67' title='bbox 823 665 861 698; x_wconf 92' lang='lat' dir='ltr'>et</span> <span class='ocrx_word' id='word_1_68' title='bbox 900 656 1055 697; x_wconf 90' lang='lat' dir='ltr'>furioso</span> <span class='ocrx_word' id='word_1_69' title='bbox 1092 669 1244 710; x_wconf 82' lang='lat' dir='ltr'>genere</span> <span class='ocrx_word' id='word_1_70' title='bbox 1281 654 1461 703; x_wconf 83' lang='lat' dir='ltr'>dieendi3</span> <span class='ocrx_word' id='word_1_71' title='bbox 1499 653 1609 706; x_wconf 90' lang='lat' dir='ltr'>quod</span> <span class='ocrx_word' id='word_1_72' title='bbox 1645 652 1740 706; x_wconf 89' lang='lat' dir='ltr'>quia</span> 
     </span>
     <span class='ocr_line' id='line_1_15' title="bbox 390 714 1741 775; baseline -0.007 -12"><span class='ocrx_word' id='word_1_73' title='bbox 390 722 545 767; x_wconf 84' lang='lat' dir='ltr'>multis</span> <span class='ocrx_word' id='word_1_74' title='bbox 567 728 731 775; x_wconf 85' lang='lat' dir='ltr'>gratum</span> <span class='ocrx_word' id='word_1_75' title='bbox 756 726 844 760; x_wconf 83' lang='lat' dir='ltr'>erat</span> <span class='ocrx_word' id='word_1_76' title='bbox 875 726 915 759; x_wconf 86' lang='lat' dir='ltr'>et</span> <span class='ocrx_word' id='word_1_77' title='bbox 939 717 1210 773; x_wconf 83' lang='lat' dir='ltr'>probabatur,</span> <span class='ocrx_word' id='word_1_78' title='bbox 1249 716 1505 757; x_wconf 79' lang='lat' dir='ltr'>ascendisset</span> <span class='ocrx_word' id='word_1_79' title='bbox 1536 715 1589 755; x_wconf 90' lang='lat' dir='ltr'>ad</span> <span class='ocrx_word' id='word_1_80' title='bbox 1612 714 1741 755; x_wconf 90' lang='lat' dir='ltr'>hono-</span> 
     </span>
     <span class='ocr_line' id='line_1_16' title="bbox 389 776 1741 833; baseline -0.007 -8"><span class='ocrx_word' id='word_1_81' title='bbox 389 800 474 833; x_wconf 85' lang='lat' dir='ltr'>res,</span> <span class='ocrx_word' id='word_1_82' title='bbox 509 783 588 823; x_wconf 87' lang='lat' dir='ltr'>nisi</span> <span class='ocrx_word' id='word_1_83' title='bbox 612 782 656 823; x_wconf 92' lang='lat' dir='ltr'>in</span> <span class='ocrx_word' id='word_1_84' title='bbox 684 781 867 822; x_wconf 87' lang='lat' dir='ltr'>facinore</span> <span class='ocrx_word' id='word_1_85' title='bbox 891 779 1112 820; x_wconf 84' lang='lat' dir='ltr'>manifesto</span> <span class='ocrx_word' id='word_1_86' title='bbox 1145 778 1428 833; x_wconf 82' lang='lat' dir='ltr'>deprehensus</span> <span class='ocrx_word' id='word_1_87' title='bbox 1458 792 1614 832; x_wconf 86' lang='lat' dir='ltr'>poenas</span> <span class='ocrx_word' id='word_1_88' title='bbox 1639 776 1741 831; x_wconf 84' lang='lat' dir='ltr'>legi-</span> 
     </span>
     <span class='ocr_line' id='line_1_17' title="bbox 393 837 1742 895; baseline -0.007 -9"><span class='ocrx_word' id='word_1_89' title='bbox 393 846 470 886; x_wconf 85' lang='lat' dir='ltr'>bus</span> <span class='ocrx_word' id='word_1_90' title='bbox 496 852 537 886; x_wconf 84' lang='lat' dir='ltr'>et</span> <span class='ocrx_word' id='word_1_91' title='bbox 566 843 716 884; x_wconf 89' lang='lat' dir='ltr'>iudicio</span> <span class='ocrx_word' id='word_1_92' title='bbox 749 843 943 883; x_wconf 84' lang='lat' dir='ltr'>(ledisset.</span> <span class='ocrx_word' id='word_1_93' title='bbox 1005 841 1151 882; x_wconf 89' lang='lat' dir='ltr'>eodem</span> <span class='ocrx_word' id='word_1_94' title='bbox 1182 848 1365 895; x_wconf 87' lang='lat' dir='ltr'>tempore</span> <span class='ocrx_word' id='word_1_95' title='bbox 1391 838 1441 880; x_wconf 88' lang='lat' dir='ltr'>C.</span> <span class='ocrx_word' id='word_1_96' title='bbox 1466 839 1519 879; x_wconf 92' lang='lat' dir='ltr'>L.</span> <span class='ocrx_word' id='word_1_97' title='bbox 1548 837 1742 892; x_wconf 81' lang='lat' dir='ltr'>Caepasii</span> 
     </span>
     <span class='ocr_line' id='line_1_18' title="bbox 392 900 1742 958; baseline -0.006 -11"><span class='ocrx_word' id='word_1_98' title='bbox 392 907 540 948; x_wconf 84' lang='lat' dir='ltr'>fratres</span> <span class='ocrx_word' id='word_1_99' title='bbox 566 906 752 954; x_wconf 84' lang='lat' dir='ltr'>fuerunt,</span> <span class='ocrx_word' id='word_1_100' title='bbox 789 904 859 957; x_wconf 89' lang='lat' dir='ltr'>qui</span> <span class='ocrx_word' id='word_1_101' title='bbox 888 903 1018 944; x_wconf 88' lang='lat' dir='ltr'>multa</span> <span class='ocrx_word' id='word_1_102' title='bbox 1047 917 1190 958; x_wconf 89' lang='lat' dir='ltr'>opera,</span> <span class='ocrx_word' id='word_1_103' title='bbox 1227 901 1359 956; x_wconf 87' lang='lat' dir='ltr'>ignoti</span> <span class='ocrx_word' id='word_1_104' title='bbox 1395 900 1582 942; x_wconf 91' lang='lat' dir='ltr'>homines</span> <span class='ocrx_word' id='word_1_105' title='bbox 1614 907 1655 941; x_wconf 85' lang='lat' dir='ltr'>et</span> <span class='ocrx_word' id='word_1_106' title='bbox 1678 913 1742 940; x_wconf 86' lang='lat' dir='ltr'>re-</span> 
     </span>
     <span class='ocr_line' id='line_1_19' title="bbox 391 962 1742 1023; baseline -0.004 -15"><span class='ocrx_word' id='word_1_107' title='bbox 391 967 568 1023; x_wconf 88' lang='lat' dir='ltr'>pentini,</span> <span class='ocrx_word' id='word_1_108' title='bbox 613 973 851 1020; x_wconf 85' lang='lat' dir='ltr'>quaestores</span> <span class='ocrx_word' id='word_1_109' title='bbox 889 964 1074 1006; x_wconf 87' lang='lat' dir='ltr'>celeriter</span> <span class='ocrx_word' id='word_1_110' title='bbox 1110 963 1209 1004; x_wconf 87' lang='lat' dir='ltr'>facti</span> <span class='ocrx_word' id='word_1_111' title='bbox 1246 970 1360 1012; x_wconf 88' lang='lat' dir='ltr'>sunt,</span> <span class='ocrx_word' id='word_1_112' title='bbox 1397 962 1604 1018; x_wconf 88' lang='lat' dir='ltr'>oppidano</span> <span class='ocrx_word' id='word_1_113' title='bbox 1641 975 1742 1014; x_wconf 87' lang='lat' dir='ltr'>quo-</span> 
     </span>
     <span class='ocr_line' id='line_1_20' title="bbox 393 1024 1740 1082; baseline -0.005 -13"><span class='ocrx_word' id='word_1_114' title='bbox 393 1030 489 1070; x_wconf 86' lang='lat' dir='ltr'>dam</span> <span class='ocrx_word' id='word_1_115' title='bbox 519 1036 560 1070; x_wconf 88' lang='lat' dir='ltr'>et</span> <span class='ocrx_word' id='word_1_116' title='bbox 593 1028 803 1070; x_wconf 87' lang='lat' dir='ltr'>incondito</span> <span class='ocrx_word' id='word_1_117' title='bbox 839 1042 990 1082; x_wconf 89' lang='lat' dir='ltr'>genere</span> <span class='ocrx_word' id='word_1_118' title='bbox 1027 1025 1201 1067; x_wconf 87' lang='lat' dir='ltr'>dicendi.</span> <span class='ocrx_word' id='word_1_119' title='bbox 1263 1025 1462 1065; x_wconf 88' lang='lat' dir='ltr'>addamus</span> <span class='ocrx_word' id='word_1_120' title='bbox 1494 1024 1575 1065; x_wconf 90' lang='lat' dir='ltr'>huc</span> <span class='ocrx_word' id='word_1_121' title='bbox 1605 1024 1740 1072; x_wconf 87' lang='lat' dir='ltr'>etiam,</span> 
     </span>
     <span class='ocr_line' id='line_1_21' title="bbox 393 1086 1742 1144; baseline -0.006 -12"><span class='ocrx_word' id='word_1_122' title='bbox 393 1106 445 1132; x_wconf 90' lang='lat' dir='ltr'>ne</span> <span class='ocrx_word' id='word_1_123' title='bbox 476 1106 599 1144; x_wconf 91' lang='lat' dir='ltr'>quem</span> <span class='ocrx_word' id='word_1_124' title='bbox 629 1090 815 1131; x_wconf 78' lang='lat' dir='ltr'>vocalem</span> <span class='ocrx_word' id='word_1_125' title='bbox 850 1088 1097 1144; x_wconf 85' lang='lat' dir='ltr'>praeterisse</span> <span class='ocrx_word' id='word_1_126' title='bbox 1133 1087 1366 1136; x_wconf 75' lang='lat' dir='ltr'>videamur,</span> <span class='ocrx_word' id='word_1_127' title='bbox 1406 1086 1456 1127; x_wconf 89' lang='lat' dir='ltr'>C.</span> <span class='ocrx_word' id='word_1_128' title='bbox 1491 1086 1742 1127; x_wconf 78' lang='lat' dir='ltr'>Cosconium</span> 
     </span>
     <span class='ocr_line' id='line_1_22' title="bbox 394 1148 1743 1205; baseline -0.005 -11"><span class='ocrx_word' id='word_1_129' title='bbox 394 1153 677 1201; x_wconf 86' lang='lat' dir='ltr'>Calidianum,</span> <span class='ocrx_word' id='word_1_130' title='bbox 708 1151 779 1205; x_wconf 89' lang='lat' dir='ltr'>qui</span> <span class='ocrx_word' id='word_1_131' title='bbox 801 1151 913 1192; x_wconf 90' lang='lat' dir='ltr'>nullo</span> <span class='ocrx_word' id='word_1_132' title='bbox 940 1150 1127 1191; x_wconf 83' lang='lat' dir='ltr'>acumine</span> <span class='ocrx_word' id='word_1_133' title='bbox 1153 1164 1245 1190; x_wconf 89' lang='lat' dir='ltr'>eam</span> <span class='ocrx_word' id='word_1_134' title='bbox 1269 1157 1407 1190; x_wconf 91' lang='lat' dir='ltr'>tamen</span> <span class='ocrx_word' id='word_1_135' title='bbox 1432 1148 1651 1189; x_wconf 80' lang='lat' dir='ltr'>verborum</span> <span class='ocrx_word' id='word_1_136' title='bbox 1676 1161 1743 1188; x_wconf 91' lang='lat' dir='ltr'>eo-</span> 
     </span>
     <span class='ocr_line' id='line_1_23' title="bbox 392 1209 1745 1271; baseline -0.005 -16"><span class='ocrx_word' id='word_1_137' title='bbox 392 1216 522 1271; x_wconf 88' lang='lat' dir='ltr'>piam,</span> <span class='ocrx_word' id='word_1_138' title='bbox 566 1215 601 1255; x_wconf 91' lang='lat' dir='ltr'>si</span> <span class='ocrx_word' id='word_1_139' title='bbox 637 1229 761 1267; x_wconf 91' lang='lat' dir='ltr'>quam</span> <span class='ocrx_word' id='word_1_140' title='bbox 796 1213 994 1262; x_wconf 89' lang='lat' dir='ltr'>habebat,</span> <span class='ocrx_word' id='word_1_141' title='bbox 1036 1212 1263 1267; x_wconf 84' lang='lat' dir='ltr'>praebebat</span> <span class='ocrx_word' id='word_1_142' title='bbox 1298 1210 1450 1265; x_wconf 88' lang='lat' dir='ltr'>populo</span> <span class='ocrx_word' id='word_1_143' title='bbox 1488 1224 1581 1249; x_wconf 91' lang='lat' dir='ltr'>cum</span> <span class='ocrx_word' id='word_1_144' title='bbox 1615 1209 1745 1249; x_wconf 89' lang='lat' dir='ltr'>multa</span> 
     </span>
     <span class='ocr_line' id='line_1_24' title="bbox 395 1270 1743 1331; baseline -0.006 -12"><span class='ocrx_word' id='word_1_145' title='bbox 395 1276 707 1319; x_wconf 85' lang='lat' dir='ltr'>concursatione</span> <span class='ocrx_word' id='word_1_146' title='bbox 732 1290 967 1331; x_wconf 87' lang='lat' dir='ltr'>magnoque</span> <span class='ocrx_word' id='word_1_147' title='bbox 993 1275 1189 1322; x_wconf 90' lang='lat' dir='ltr'>clamore,</span> <span class='ocrx_word' id='word_1_148' title='bbox 1216 1273 1328 1326; x_wconf 90' lang='lat' dir='ltr'>quod</span> <span class='ocrx_word' id='word_1_149' title='bbox 1351 1272 1461 1312; x_wconf 90' lang='lat' dir='ltr'>idem</span> <span class='ocrx_word' id='word_1_150' title='bbox 1486 1271 1665 1312; x_wconf 87' lang='lat' dir='ltr'>faciebat.</span> <span class='ocrx_word' id='word_1_151' title='bbox 1689 1270 1743 1322; x_wconf 82' lang='lat' dir='ltr'><strong>Q.</strong></span> 
     </span>
     <span class='ocr_line' id='line_1_25' title="bbox 395 1333 1746 1394; baseline -0.006 -13"><span class='ocrx_word' id='word_1_152' title='bbox 395 1340 564 1389; x_wconf 76' lang='lat' dir='ltr'>Arrius,</span> <span class='ocrx_word' id='word_1_153' title='bbox 603 1340 673 1394; x_wconf 90' lang='lat' dir='ltr'>qui</span> <span class='ocrx_word' id='word_1_154' title='bbox 697 1339 775 1381; x_wconf 82' lang='lat' dir='ltr'>fuit</span> <span class='ocrx_word' id='word_1_155' title='bbox 798 1339 860 1379; x_wconf 89' lang='lat' dir='ltr'>M.</span> <span class='ocrx_word' id='word_1_156' title='bbox 888 1337 1033 1379; x_wconf 87' lang='lat' dir='ltr'>Crassi</span> <span class='ocrx_word' id='word_1_157' title='bbox 1064 1336 1183 1390; x_wconf 89' lang='lat' dir='ltr'>quasi</span> <span class='ocrx_word' id='word_1_158' title='bbox 1208 1335 1495 1376; x_wconf 88' lang='lat' dir='ltr'>secundarum.</span> <span class='ocrx_word' id='word_1_159' title='bbox 1555 1334 1590 1374; x_wconf 90' lang='lat' dir='ltr'>is</span> <span class='ocrx_word' id='word_1_160' title='bbox 1616 1333 1746 1375; x_wconf 90' lang='lat' dir='ltr'>omni-</span> 
     </span>
     <span class='ocr_line' id='line_1_26' title="bbox 396 1395 1746 1458; baseline -0.005 -15"><span class='ocrx_word' id='word_1_161' title='bbox 396 1403 472 1443; x_wconf 90' lang='lat' dir='ltr'>bus</span> <span class='ocrx_word' id='word_1_162' title='bbox 510 1402 699 1458; x_wconf 84' lang='lat' dir='ltr'>exemplo</span> <span class='ocrx_word' id='word_1_163' title='bbox 737 1401 859 1442; x_wconf 85' lang='lat' dir='ltr'>debet</span> <span class='ocrx_word' id='word_1_164' title='bbox 885 1414 997 1448; x_wconf 88' lang='lat' dir='ltr'>esse,</span> <span class='ocrx_word' id='word_1_165' title='bbox 1036 1406 1236 1451; x_wconf 89' lang='lat' dir='ltr'>quantum</span> <span class='ocrx_word' id='word_1_166' title='bbox 1271 1397 1314 1438; x_wconf 92' lang='lat' dir='ltr'>in</span> <span class='ocrx_word' id='word_1_167' title='bbox 1348 1396 1427 1438; x_wconf 88' lang='lat' dir='ltr'>hac</span> <span class='ocrx_word' id='word_1_168' title='bbox 1456 1396 1557 1437; x_wconf 90' lang='lat' dir='ltr'>urbe</span> <span class='ocrx_word' id='word_1_169' title='bbox 1593 1395 1746 1451; x_wconf 86' lang='lat' dir='ltr'>polleat</span> 
     </span>
     <span class='ocr_line' id='line_1_27' title="bbox 397 1457 1748 1517; baseline -0.007 -11"><span class='ocrx_word' id='word_1_170' title='bbox 397 1465 619 1506; x_wconf 89' lang='lat' dir='ltr'>multorum</span> <span class='ocrx_word' id='word_1_171' title='bbox 650 1464 844 1506; x_wconf 90' lang='lat' dir='ltr'>oboedire</span> <span class='ocrx_word' id='word_1_172' title='bbox 875 1461 1051 1517; x_wconf 86' lang='lat' dir='ltr'>tempori</span> <span class='ocrx_word' id='word_1_173' title='bbox 1079 1460 1384 1512; x_wconf 89' lang='lat' dir='ltr'>multorumque</span> <span class='ocrx_word' id='word_1_174' title='bbox 1415 1458 1482 1499; x_wconf 75' lang='lat' dir='ltr'>vel</span> <span class='ocrx_word' id='word_1_175' title='bbox 1512 1457 1656 1499; x_wconf 91' lang='lat' dir='ltr'>honori</span> <span class='ocrx_word' id='word_1_176' title='bbox 1681 1457 1748 1497; x_wconf 76' lang='lat' dir='ltr'>vel</span> 
     </span>
     <span class='ocr_line' id='line_1_28' title="bbox 400 1519 1746 1581; baseline -0.006 -14"><span class='ocrx_word' id='word_1_177' title='bbox 400 1527 581 1581; x_wconf 87' lang='lat' dir='ltr'>periculo</span> <span class='ocrx_word' id='word_1_178' title='bbox 608 1526 780 1567; x_wconf 77' lang='lat' dir='ltr'>servire:</span> <span class='ocrx_word' id='word_1_179' title='bbox 806 1525 869 1566; x_wconf 88' lang='lat' dir='ltr'>his</span> <span class='ocrx_word' id='word_1_180' title='bbox 896 1524 1005 1565; x_wconf 88' lang='lat' dir='ltr'>enim</span> <span class='ocrx_word' id='word_1_181' title='bbox 1028 1524 1152 1564; x_wconf 87' lang='lat' dir='ltr'>rebus</span> <span class='ocrx_word' id='word_1_182' title='bbox 1178 1522 1319 1562; x_wconf 89' lang='lat' dir='ltr'>infimo</span> <span class='ocrx_word' id='word_1_183' title='bbox 1344 1521 1435 1561; x_wconf 90' lang='grc'>1000</span> <span class='ocrx_word' id='word_1_184' title='bbox 1460 1527 1581 1560; x_wconf 84' lang='lat' dir='ltr'>natus</span> <span class='ocrx_word' id='word_1_185' title='bbox 1608 1526 1649 1560; x_wconf 85' lang='lat' dir='ltr'>et</span> <span class='ocrx_word' id='word_1_186' title='bbox 1673 1519 1746 1560; x_wconf 94' lang='lat' dir='ltr'>ho-</span> 
     </span>
     <span class='ocr_line' id='line_1_29' title="bbox 397 1581 1748 1642; baseline -0.006 -13"><span class='ocrx_word' id='word_1_187' title='bbox 397 1603 519 1629; x_wconf 84' lang='lat' dir='ltr'>nores</span> <span class='ocrx_word' id='word_1_188' title='bbox 551 1596 591 1628; x_wconf 86' lang='lat' dir='ltr'>et</span> <span class='ocrx_word' id='word_1_189' title='bbox 625 1587 843 1642; x_wconf 88' lang='lat' dir='ltr'>pecuniam</span> <span class='ocrx_word' id='word_1_190' title='bbox 879 1593 919 1626; x_wconf 88' lang='lat' dir='ltr'>et</span> <span class='ocrx_word' id='word_1_191' title='bbox 956 1585 1132 1640; x_wconf 84' lang='lat' dir='ltr'>gratiam</span> <span class='ocrx_word' id='word_1_192' title='bbox 1169 1589 1415 1624; x_wconf 89' lang='lat' dir='ltr'>consecutus</span> <span class='ocrx_word' id='word_1_193' title='bbox 1452 1582 1576 1623; x_wconf 89' lang='lat' dir='ltr'>etiam</span> <span class='ocrx_word' id='word_1_194' title='bbox 1605 1581 1647 1621; x_wconf 90' lang='lat' dir='ltr'>in</span> <span class='ocrx_word' id='word_1_195' title='bbox 1676 1597 1748 1636; x_wconf 86' lang='lat' dir='ltr'>pa-</span> 
     </span>
     <span class='ocr_line' id='line_1_30' title="bbox 398 1645 1748 1699; baseline -0.006 -9"><span class='ocrx_word' id='word_1_196' title='bbox 398 1658 609 1691; x_wconf 89' lang='lat' dir='ltr'>tronorum</span> <span class='ocrx_word' id='word_1_197' title='bbox 646 1649 732 1689; x_wconf 89' lang='lat' dir='ltr'>sine</span> <span class='ocrx_word' id='word_1_198' title='bbox 771 1647 957 1689; x_wconf 84' lang='lat' dir='ltr'>doctrina</span> <span class='ocrx_word' id='word_1_199' title='bbox 994 1647 1081 1687; x_wconf 87' lang='lat' dir='ltr'>sine</span> <span class='ocrx_word' id='word_1_200' title='bbox 1116 1645 1282 1699; x_wconf 84' lang='lat' dir='ltr'>ingenio</span> <span class='ocrx_word' id='word_1_201' title='bbox 1319 1645 1497 1697; x_wconf 87' lang='lat' dir='ltr'>aliquem</span> <span class='ocrx_word' id='word_1_202' title='bbox 1533 1658 1748 1684; x_wconf 89' lang='lat' dir='ltr'>numerum</span> 
     </span>
     <span class='ocr_line' id='line_1_31' title="bbox 398 1706 1747 1766; baseline -0.005 -14"><span class='ocrx_word' id='word_1_203' title='bbox 398 1718 659 1766; x_wconf 81' lang='lat' dir='ltr'>pervenerat3</span> <span class='ocrx_word' id='word_1_204' title='bbox 700 1710 774 1750; x_wconf 85' lang='lat' dir='ltr'>sed</span> <span class='ocrx_word' id='word_1_205' title='bbox 808 1716 853 1749; x_wconf 84' lang='lat' dir='ltr'>ut</span> <span class='ocrx_word' id='word_1_206' title='bbox 888 1708 1050 1763; x_wconf 83' lang='lat' dir='ltr'>pugiles</span> <span class='ocrx_word' id='word_1_207' title='bbox 1082 1707 1356 1755; x_wconf 86' lang='lat' dir='ltr'>inexercitati,</span> <span class='ocrx_word' id='word_1_208' title='bbox 1394 1706 1554 1746; x_wconf 88' lang='lat' dir='ltr'>etiamsi</span> <span class='ocrx_word' id='word_1_209' title='bbox 1585 1720 1747 1760; x_wconf 85' lang='lat' dir='ltr'>pugnos</span> 
     </span>
     <span class='ocr_line' id='line_1_32' title="bbox 400 1767 1748 1827; baseline -0.006 -13"><span class='ocrx_word' id='word_1_210' title='bbox 400 1780 440 1814; x_wconf 80' lang='lat' dir='ltr'>et</span> <span class='ocrx_word' id='word_1_211' title='bbox 468 1772 614 1827; x_wconf 85' lang='lat' dir='ltr'>plagas</span> <span class='ocrx_word' id='word_1_212' title='bbox 649 1771 942 1826; x_wconf 77' lang='lat' dir='ltr'>Olympiorum</span> <span class='ocrx_word' id='word_1_213' title='bbox 977 1769 1114 1824; x_wconf 89' lang='lat' dir='ltr'>cupidi</span> <span class='ocrx_word' id='word_1_214' title='bbox 1150 1770 1256 1810; x_wconf 90' lang='lat' dir='ltr'>ferre</span> <span class='ocrx_word' id='word_1_215' title='bbox 1292 1775 1485 1822; x_wconf 89' lang='lat' dir='ltr'>possunt,</span> <span class='ocrx_word' id='word_1_216' title='bbox 1524 1767 1653 1808; x_wconf 89' lang='lat' dir='ltr'>solem</span> <span class='ocrx_word' id='word_1_217' title='bbox 1690 1774 1748 1807; x_wconf 88' lang='lat' dir='ltr'>ta-</span> 
     </span>
     <span class='ocr_line' id='line_1_33' title="bbox 399 1829 1749 1889; baseline -0.005 -14"><span class='ocrx_word' id='word_1_218' title='bbox 399 1850 494 1875; x_wconf 88' lang='lat' dir='ltr'>men</span> <span class='ocrx_word' id='word_1_219' title='bbox 531 1848 655 1889; x_wconf 90' lang='lat' dir='ltr'>saepe</span> <span class='ocrx_word' id='word_1_220' title='bbox 691 1834 798 1874; x_wconf 85' lang='lat' dir='ltr'>ferre</span> <span class='ocrx_word' id='word_1_221' title='bbox 835 1847 916 1873; x_wconf 91' lang='lat' dir='ltr'>non</span> <span class='ocrx_word' id='word_1_222' title='bbox 953 1839 1148 1886; x_wconf 86' lang='lat' dir='ltr'>possunt,</span> <span class='ocrx_word' id='word_1_223' title='bbox 1186 1831 1245 1871; x_wconf 90' lang='lat' dir='ltr'>sic</span> <span class='ocrx_word' id='word_1_224' title='bbox 1280 1830 1366 1878; x_wconf 86' lang='lat' dir='ltr'>ille,</span> <span class='ocrx_word' id='word_1_225' title='bbox 1404 1844 1497 1869; x_wconf 90' lang='lat' dir='ltr'>cum</span> <span class='ocrx_word' id='word_1_226' title='bbox 1527 1829 1638 1869; x_wconf 87' lang='lat' dir='ltr'>omni</span> <span class='ocrx_word' id='word_1_227' title='bbox 1667 1829 1749 1868; x_wconf 89' lang='lat' dir='ltr'>iam</span> 
     </span>
     <span class='ocr_line' id='line_1_34' title="bbox 400 1892 1748 1950; baseline -0.005 -13"><span class='ocrx_word' id='word_1_228' title='bbox 400 1897 565 1938; x_wconf 86' lang='lat' dir='ltr'>fortuna</span> <span class='ocrx_word' id='word_1_229' title='bbox 598 1910 794 1950; x_wconf 88' lang='lat' dir='ltr'>prospere</span> <span class='ocrx_word' id='word_1_230' title='bbox 838 1894 1003 1934; x_wconf 85' lang='lat' dir='ltr'>functus</span> <span class='ocrx_word' id='word_1_231' title='bbox 1045 1893 1208 1933; x_wconf 87' lang='lat' dir='ltr'>labores</span> <span class='ocrx_word' id='word_1_232' title='bbox 1251 1892 1374 1933; x_wconf 91' lang='lat' dir='ltr'>etiam</span> <span class='ocrx_word' id='word_1_233' title='bbox 1415 1905 1591 1946; x_wconf 89' lang='lat' dir='ltr'>magnos</span> <span class='ocrx_word' id='word_1_234' title='bbox 1630 1904 1748 1931; x_wconf 82' lang='lat' dir='ltr'>exce-</span> 
     </span>
     <span class='ocr_line' id='line_1_35' title="bbox 399 1952 1749 2013; baseline -0.006 -14"><span class='ocrx_word' id='word_1_235' title='bbox 399 1958 547 2013; x_wconf 86' lang='lat' dir='ltr'>pisset,</span> <span class='ocrx_word' id='word_1_236' title='bbox 583 1957 691 1998; x_wconf 86' lang='lat' dir='ltr'>illius</span> <span class='ocrx_word' id='word_1_237' title='bbox 716 1956 918 1997; x_wconf 87' lang='lat' dir='ltr'>iudicialis</span> <span class='ocrx_word' id='word_1_238' title='bbox 951 1955 1047 1996; x_wconf 90' lang='lat' dir='ltr'>anni</span> <span class='ocrx_word' id='word_1_239' title='bbox 1075 1955 1337 1995; x_wconf 84' lang='lat' dir='ltr'>severitatem</span> <span class='ocrx_word' id='word_1_240' title='bbox 1363 1953 1481 2006; x_wconf 88' lang='lat' dir='ltr'>quasi</span> <span class='ocrx_word' id='word_1_241' title='bbox 1513 1952 1642 1993; x_wconf 88' lang='lat' dir='ltr'>solem</span> <span class='ocrx_word' id='word_1_242' title='bbox 1667 1967 1749 1992; x_wconf 92' lang='lat' dir='ltr'>non</span> 
     </span>
     <span class='ocr_line' id='line_1_36' title="bbox 402 2020 505 2060; baseline -0.01 0"><span class='ocrx_word' id='word_1_243' title='bbox 402 2020 505 2060; x_wconf 90' lang='lat' dir='ltr'>tulit.</span> 
     </span>
    </p>

    <p class='ocr_par' dir='ltr' id='par_1_8' title="bbox 400 2075 1754 2687">
     <span class='ocr_line' id='line_1_37' title="bbox 480 2075 1751 2134; baseline -0.006 -12"><span class='ocrx_word' id='word_1_244' title='bbox 480 2081 590 2122; x_wconf 86' lang='lat' dir='ltr'>Tum</span> <span class='ocrx_word' id='word_1_245' title='bbox 602 2081 768 2121; x_wconf 85' lang='lat' dir='ltr'>Atticus</span> <span class='ocrx_word' id='word_1_246' title='bbox 789 2085 853 2121; x_wconf 73' lang='lat' dir='ltr'>‘tu</span> <span class='ocrx_word' id='word_1_247' title='bbox 874 2079 1041 2134; x_wconf 85' lang='lat' dir='ltr'>quidem</span> <span class='ocrx_word' id='word_1_248' title='bbox 1060 2079 1111 2120; x_wconf 93' lang='lat' dir='ltr'>de</span> <span class='ocrx_word' id='word_1_249' title='bbox 1132 2078 1264 2119; x_wconf 81' lang='lat' dir='ltr'>saece’</span> <span class='ocrx_word' id='word_1_250' title='bbox 1286 2077 1417 2131; x_wconf 86' lang='lat' dir='ltr'>inquit</span> <span class='ocrx_word' id='word_1_251' title='bbox 1437 2076 1608 2125; x_wconf 85' lang='lat' dir='ltr'>‘hauris,</span> <span class='ocrx_word' id='word_1_252' title='bbox 1628 2075 1751 2129; x_wconf 87' lang='lat' dir='ltr'>idque</span> 
     </span>
     <span class='ocr_line' id='line_1_38' title="bbox 400 2140 1752 2194; baseline -0.005 -10"><span class='ocrx_word' id='word_1_253' title='bbox 400 2144 482 2184; x_wconf 90' lang='lat' dir='ltr'>iam</span> <span class='ocrx_word' id='word_1_254' title='bbox 507 2143 681 2192; x_wconf 88' lang='lat' dir='ltr'>dudum;</span> <span class='ocrx_word' id='word_1_255' title='bbox 708 2143 782 2183; x_wconf 88' lang='lat' dir='ltr'>sed</span> <span class='ocrx_word' id='word_1_256' title='bbox 807 2143 1012 2183; x_wconf 88' lang='lat' dir='ltr'>tacebam:</span> <span class='ocrx_word' id='word_1_257' title='bbox 1038 2141 1116 2182; x_wconf 90' lang='lat' dir='ltr'>hoc</span> <span class='ocrx_word' id='word_1_258' title='bbox 1141 2156 1238 2181; x_wconf 75' lang='lat' dir='ltr'>vero</span> <span class='ocrx_word' id='word_1_259' title='bbox 1263 2156 1346 2181; x_wconf 90' lang='lat' dir='ltr'>non</span> <span class='ocrx_word' id='word_1_260' title='bbox 1371 2140 1591 2194; x_wconf 87' lang='lat' dir='ltr'>putabam,</span> <span class='ocrx_word' id='word_1_261' title='bbox 1618 2145 1658 2178; x_wconf 91' lang='lat' dir='ltr'>te</span> <span class='ocrx_word' id='word_1_262' title='bbox 1682 2153 1752 2177; x_wconf 89' lang='lat' dir='ltr'>us-</span> 
     </span>
     <span class='ocr_line' id='line_1_39' title="bbox 402 2198 1750 2258; baseline -0.006 -12"><span class='ocrx_word' id='word_1_263' title='bbox 402 2221 480 2258; x_wconf 86' lang='lat' dir='ltr'>que</span> <span class='ocrx_word' id='word_1_264' title='bbox 501 2205 554 2246; x_wconf 87' lang='lat' dir='ltr'>ad</span> <span class='ocrx_word' id='word_1_265' title='bbox 574 2204 766 2246; x_wconf 77' lang='lat' dir='ltr'>Staienos</span> <span class='ocrx_word' id='word_1_266' title='bbox 793 2212 834 2244; x_wconf 86' lang='lat' dir='ltr'>et</span> <span class='ocrx_word' id='word_1_267' title='bbox 852 2203 1080 2245; x_wconf 83' lang='lat' dir='ltr'>Autronios</span> <span class='ocrx_word' id='word_1_268' title='bbox 1101 2217 1193 2243; x_wconf 85' lang='lat' dir='ltr'>esse</span> <span class='ocrx_word' id='word_1_269' title='bbox 1214 2201 1458 2242; x_wconf 61' lang='lat' dir='ltr'>venturum?</span> <span class='ocrx_word' id='word_1_270' title='bbox 1509 2204 1610 2241; x_wconf 84' lang='lat' dir='ltr'>‘non</span> <span class='ocrx_word' id='word_1_271' title='bbox 1634 2198 1750 2254; x_wconf 88' lang='lat' dir='ltr'>puto’</span> 
     </span>
     <span class='ocr_line' id='line_1_40' title="bbox 402 2263 1753 2320; baseline -0.005 -12"><span class='ocrx_word' id='word_1_272' title='bbox 402 2268 569 2320; x_wconf 84' lang='lat' dir='ltr'>inquam</span> <span class='ocrx_word' id='word_1_273' title='bbox 595 2267 852 2308; x_wconf 80' lang='lat' dir='ltr'>‘existimare</span> <span class='ocrx_word' id='word_1_274' title='bbox 879 2274 917 2307; x_wconf 90' lang='lat' dir='ltr'>te</span> <span class='ocrx_word' id='word_1_275' title='bbox 944 2266 1166 2307; x_wconf 86' lang='lat' dir='ltr'>ambitione</span> <span class='ocrx_word' id='word_1_276' title='bbox 1186 2280 1251 2305; x_wconf 90' lang='lat' dir='ltr'>me</span> <span class='ocrx_word' id='word_1_277' title='bbox 1271 2264 1367 2313; x_wconf 85' lang='lat' dir='ltr'>labi,</span> <span class='ocrx_word' id='word_1_278' title='bbox 1393 2263 1543 2318; x_wconf 87' lang='lat' dir='ltr'>quippe</span> <span class='ocrx_word' id='word_1_279' title='bbox 1570 2263 1619 2302; x_wconf 92' lang='lat' dir='ltr'>de</span> <span class='ocrx_word' id='word_1_280' title='bbox 1645 2276 1753 2302; x_wconf 87' lang='lat' dir='ltr'>mor-</span> 
     </span>
     <span class='ocr_line' id='line_1_41' title="bbox 404 2326 1753 2381; baseline -0.005 -12"><span class='ocrx_word' id='word_1_281' title='bbox 404 2329 503 2379; x_wconf 82' lang='lat' dir='ltr'>tuis3</span> <span class='ocrx_word' id='word_1_282' title='bbox 530 2329 604 2370; x_wconf 88' lang='lat' dir='ltr'>sed</span> <span class='ocrx_word' id='word_1_283' title='bbox 628 2328 814 2369; x_wconf 89' lang='lat' dir='ltr'>ordinem</span> <span class='ocrx_word' id='word_1_284' title='bbox 840 2343 1017 2381; x_wconf 90' lang='lat' dir='ltr'>sequens</span> <span class='ocrx_word' id='word_1_285' title='bbox 1043 2327 1085 2367; x_wconf 91' lang='lat' dir='ltr'>in</span> <span class='ocrx_word' id='word_1_286' title='bbox 1109 2326 1350 2368; x_wconf 89' lang='lat' dir='ltr'>memoriam</span> <span class='ocrx_word' id='word_1_287' title='bbox 1374 2333 1513 2366; x_wconf 89' lang='lat' dir='ltr'>notam</span> <span class='ocrx_word' id='word_1_288' title='bbox 1539 2331 1579 2364; x_wconf 86' lang='lat' dir='ltr'>et</span> <span class='ocrx_word' id='word_1_289' title='bbox 1604 2338 1753 2376; x_wconf 88' lang='lat' dir='ltr'>acqua-</span> 
     </span>
     <span class='ocr_line' id='line_1_42' title="bbox 404 2384 1754 2441; baseline -0.004 -11"><span class='ocrx_word' id='word_1_290' title='bbox 404 2390 485 2431; x_wconf 89' lang='lat' dir='ltr'>lem</span> <span class='ocrx_word' id='word_1_291' title='bbox 509 2390 742 2431; x_wconf 87' lang='lat' dir='ltr'>necessario</span> <span class='ocrx_word' id='word_1_292' title='bbox 772 2390 954 2438; x_wconf 86' lang='lat' dir='ltr'>incurr03</span> <span class='ocrx_word' id='word_1_293' title='bbox 993 2389 1085 2430; x_wconf 72' lang='lat' dir='ltr'>volo</span> <span class='ocrx_word' id='word_1_294' title='bbox 1113 2396 1250 2429; x_wconf 88' lang='lat' dir='ltr'>autem</span> <span class='ocrx_word' id='word_1_295' title='bbox 1280 2387 1359 2428; x_wconf 91' lang='lat' dir='ltr'>hoc</span> <span class='ocrx_word' id='word_1_296' title='bbox 1389 2385 1586 2441; x_wconf 86' lang='lat' dir='ltr'>perspici,</span> <span class='ocrx_word' id='word_1_297' title='bbox 1623 2384 1754 2426; x_wconf 91' lang='lat' dir='ltr'>omni-</span> 
     </span>
     <span class='ocr_line' id='line_1_43' title="bbox 404 2446 1751 2504; baseline -0.004 -12"><span class='ocrx_word' id='word_1_298' title='bbox 404 2453 481 2492; x_wconf 88' lang='lat' dir='ltr'>bus</span> <span class='ocrx_word' id='word_1_299' title='bbox 531 2450 791 2504; x_wconf 88' lang='lat' dir='ltr'>conquisitis,</span> <span class='ocrx_word' id='word_1_300' title='bbox 840 2450 909 2504; x_wconf 90' lang='lat' dir='ltr'>qui</span> <span class='ocrx_word' id='word_1_301' title='bbox 944 2451 987 2490; x_wconf 90' lang='lat' dir='ltr'>in</span> <span class='ocrx_word' id='word_1_302' title='bbox 1029 2449 1290 2490; x_wconf 86' lang='lat' dir='ltr'>multitudine</span> <span class='ocrx_word' id='word_1_303' title='bbox 1338 2449 1473 2489; x_wconf 79' lang='lat' dir='ltr'>dicere</span> <span class='ocrx_word' id='word_1_304' title='bbox 1522 2447 1611 2488; x_wconf 86' lang='lat' dir='ltr'>ausi</span> <span class='ocrx_word' id='word_1_305' title='bbox 1659 2446 1751 2494; x_wconf 89' lang='lat' dir='ltr'>sint,</span> 
     </span>
     <span class='ocr_line' id='line_1_44' title="bbox 406 2507 1751 2566; baseline -0.005 -12"><span class='ocrx_word' id='word_1_306' title='bbox 406 2513 603 2555; x_wconf 88' lang='lat' dir='ltr'>memoria</span> <span class='ocrx_word' id='word_1_307' title='bbox 638 2513 805 2566; x_wconf 90' lang='lat' dir='ltr'>quidem</span> <span class='ocrx_word' id='word_1_308' title='bbox 841 2512 990 2566; x_wconf 81' lang='lat' dir='ltr'>dignos</span> <span class='ocrx_word' id='word_1_309' title='bbox 1027 2526 1277 2566; x_wconf 86' lang='lat' dir='ltr'>perpaucos,</span> <span class='ocrx_word' id='word_1_310' title='bbox 1314 2525 1457 2551; x_wconf 64' lang='lat' dir='ltr'>verum</span> <span class='ocrx_word' id='word_1_311' title='bbox 1488 2509 1556 2562; x_wconf 90' lang='lat' dir='ltr'>qui</span> <span class='ocrx_word' id='word_1_312' title='bbox 1588 2507 1751 2550; x_wconf 90' lang='lat' dir='ltr'>omnino</span> 
     </span>
     <span class='ocr_line' id='line_1_45' title="bbox 407 2570 1752 2623; baseline -0.004 -9"><span class='ocrx_word' id='word_1_313' title='bbox 407 2590 555 2616; x_wconf 90' lang='lat' dir='ltr'>nomen</span> <span class='ocrx_word' id='word_1_314' title='bbox 582 2574 819 2623; x_wconf 87' lang='lat' dir='ltr'>habuerint,</span> <span class='ocrx_word' id='word_1_315' title='bbox 856 2589 939 2615; x_wconf 91' lang='lat' dir='ltr'>non</span> <span class='ocrx_word' id='word_1_316' title='bbox 964 2574 1021 2614; x_wconf 90' lang='lat' dir='ltr'>ita</span> <span class='ocrx_word' id='word_1_317' title='bbox 1044 2573 1195 2614; x_wconf 87' lang='lat' dir='ltr'>multos</span> <span class='ocrx_word' id='word_1_318' title='bbox 1221 2572 1363 2613; x_wconf 87' lang='lat' dir='ltr'>fuisse.</span> <span class='ocrx_word' id='word_1_319' title='bbox 1425 2571 1498 2612; x_wconf 89' lang='lat' dir='ltr'>sed</span> <span class='ocrx_word' id='word_1_320' title='bbox 1523 2570 1575 2611; x_wconf 89' lang='lat' dir='ltr'>ad</span> <span class='ocrx_word' id='word_1_321' title='bbox 1600 2584 1752 2610; x_wconf 88' lang='lat' dir='ltr'>sermo-</span> 
     </span>
     <span class='ocr_line' id='line_1_46' title="bbox 408 2631 1750 2687; baseline -0.006 -11"><span class='ocrx_word' id='word_1_322' title='bbox 408 2651 502 2676; x_wconf 90' lang='lat' dir='ltr'>nem</span> <span class='ocrx_word' id='word_1_323' title='bbox 526 2636 758 2676; x_wconf 89' lang='lat' dir='ltr'>institutum</span> <span class='ocrx_word' id='word_1_324' title='bbox 782 2642 1055 2676; x_wconf 80' lang='lat' dir='ltr'>revertamur:</span> <span class='ocrx_word' id='word_1_325' title='bbox 1082 2635 1132 2675; x_wconf 91' lang='lat' dir='ltr'>T.</span> <span class='ocrx_word' id='word_1_326' title='bbox 1153 2635 1389 2687; x_wconf 84' lang='lat' dir='ltr'>Torquatus</span> <span class='ocrx_word' id='word_1_327' title='bbox 1409 2633 1459 2673; x_wconf 88' lang='lat' dir='ltr'>T.</span> <span class='ocrx_word' id='word_1_328' title='bbox 1479 2632 1528 2672; x_wconf 89' lang='lat' dir='ltr'><strong>F.</strong></span> <span class='ocrx_word' id='word_1_329' title='bbox 1549 2638 1590 2672; x_wconf 87' lang='lat' dir='ltr'>et</span> <span class='ocrx_word' id='word_1_330' title='bbox 1608 2631 1750 2671; x_wconf 86' lang='lat' dir='ltr'>doctus</span> 
     </span>
    </p>
   </div>
   <div class='ocr_carea' id='block_1_8' title="bbox 335 2679 446 2704">
    <p class='ocr_par' dir='ltr' id='par_1_9' title="bbox 335 2679 446 2704">
     <span class='ocr_line' id='line_1_47' title="bbox 335 2679 446 2704; baseline 0.009 -1"><span class='ocrx_word' id='word_1_331' title='bbox 335 2679 384 2704; x_wconf 75' lang='lat'>245</span> <span class='ocrx_word' id='word_1_332' title='bbox 437 2696 446 2704; x_wconf 89' lang='lat'><strong>.</strong></span> 
     </span>
    </p>
   </div>
   <div class='ocr_carea' id='block_1_9' title="bbox 410 2690 1751 2751">
    <p class='ocr_par' dir='ltr' id='par_1_10' title="bbox 410 2690 1751 2751">
     <span class='ocr_line' id='line_1_48' title="bbox 410 2690 1751 2751; baseline -0.005 -15"><span class='ocrx_word' id='word_1_333' title='bbox 410 2712 469 2736; x_wconf 76' lang='lat' dir='ltr'>vu·</span> <span class='ocrx_word' id='word_1_334' title='bbox 501 2712 551 2736; x_wconf 82' lang='lat' dir='ltr'>ex</span> <span class='ocrx_word' id='word_1_335' title='bbox 574 2697 740 2737; x_wconf 73' lang='lat' dir='ltr'>Rhodia</span> <span class='ocrx_word' id='word_1_336' title='bbox 771 2696 989 2751; x_wconf 87' lang='lat' dir='ltr'>disciplina</span> <span class='ocrx_word' id='word_1_337' title='bbox 1018 2695 1201 2736; x_wconf 63' lang='lat' dir='ltr'>BIolonis</span> <span class='ocrx_word' id='word_1_338' title='bbox 1232 2703 1273 2735; x_wconf 85' lang='lat' dir='ltr'>et</span> <span class='ocrx_word' id='word_1_339' title='bbox 1303 2710 1327 2735; x_wconf 84' lang='lat' dir='ltr'>a</span> <span class='ocrx_word' id='word_1_340' title='bbox 1356 2700 1503 2733; x_wconf 88' lang='lat' dir='ltr'>natura</span> <span class='ocrx_word' id='word_1_341' title='bbox 1533 2692 1585 2732; x_wconf 88' lang='lat' dir='ltr'>ad</span> <span class='ocrx_word' id='word_1_342' title='bbox 1615 2690 1751 2730; x_wconf 87' lang='lat' dir='ltr'>dicen-</span> 
     </span>
    </p>
   </div>
  </div>
 </body>
</html>
