1859 3069
456 252 525 287 DE
551 251 791 287 ORATORE
815 251 846 286 1.
871 249 1073 285 156—165.
1378 238 1435 281 33

89 335 261 378 celerius
287 349 379 376 esse
404 334 552 383 multo,
585 348 709 387 quam
732 332 813 388 ipsi
837 332 1007 382 vellent,
1034 332 1085 373 ab
1110 346 1159 373 eo
1183 336 1433 387 peroratum.

89 406 177 439 tum
215 396 418 438 Scaevola
455 397 573 450 ‘quid
608 403 688 446 est,
732 394 898 436 Cotta?'
940 393 1072 448 inquit
1113 394 1230 447 ‘quid
1263 393 1435 434 tacetis?

89 460 244 500 nihilne
269 459 387 500 vobis
413 458 455 498 in
479 465 660 499 mentem
684 457 809 506 venit,
836 457 946 510 quod
969 463 1182 511 praeterea
1206 456 1257 496 ab
1279 454 1434 496 Crasso

89 521 348 574 requiratis?
376 521 437 561 ‘id
460 519 711 561 mehercule'
738 519 870 572 inquit
894 519 1049 574 ‘ipsum
1073 518 1258 559 attendo:
1295 525 1433 558 tantus

91 584 370 624 enim⁸eursus
396 583 615 624 verborum
640 581 717 622 fuit
741 589 781 622 et
807 580 866 621 sie
891 580 1070 621 evolavit
1093 580 1241 629 oratio,
1277 586 1324 620 ut
1347 579 1435 620 eius

92 646 176 686 vim
213 652 253 686 et
288 645 568 685 incitationem
611 643 861 698 aspexerim,
906 642 1082 697 vestigia
1122 642 1436 697 ingressumque

91 708 161 748 vix
186 707 370 757 viderim,
399 714 440 748 et
463 714 673 759 tamquam
698 705 740 745 in
765 704 943 757 aliquam
967 705 1215 759 locupletem
1239 718 1286 744 30
1309 704 1438 744 refer-

94 777 177 810 tam
203 770 369 811 domum
395 769 596 817 venerim,
633 782 716 807 non
741 766 945 822 explicata
980 774 1095 807 veste
1126 781 1258 819 neque
1288 780 1438 820 propo-

96 831 173 872 sito
200 839 371 886 argento
395 845 530 883 neque
566 829 716 869 tabulis
743 836 784 869 01
809 828 938 883 signis
962 828 1176 883 propalam
1201 827 1436 877 conlocatis,

94 894 168 934 sed
193 893 256 933 his
289 892 478 933 omnibus
509 891 649 931 multis
685 890 998 945 magnificisque
1033 891 1156 931 rebus
1194 888 1437 930 constructis

93 969 141 995 30
163 954 404 1002 1·00011(11115;
443 954 501 994 510
529 951 688 1007 [modo]
728 952 770 992 in
795 952 977 993 oratione
1005 951 1149 994 Crassi
1180 951 1342 992 divitias
1379 957 1439 991 31-

93 1032 171 1070 que
197 1024 438 1057 ornamenta
463 1016 550 1056 eius
576 1015 731 1070 ingenii
755 1030 829 1070 per
853 1016 1057 1068 quaedam
1080 1014 1292 1056 involucra
1317 1021 1439 1067 atque

91 1078 375 1133 integumenta
400 1076 612 1132 perspexi,
652 1077 725 1117 sed
750 1092 798 1117 ea
823 1077 1090 1132 contemplari
1115 1091 1210 1117 eum
1233 1090 1438 1131 euperem,

93 1140 164 1181 vix
190 1140 417 1194 aspiciendi
453 1148 637 1194 potestas
678 1139 772 1189 fuit3
810 1140 947 1193 itaque
971 1155 1047 1180 1100
1072 1140 1150 1180 1100
1183 1154 1355 1194 possum
1379 1137 1440 1178 di-

95 1218 204 1252 cere,
242 1218 308 1243 me
333 1203 499 1243 omnino
536 1203 746 1257 ignorare,
784 1202 882 1255 quid
906 1202 1134 1257 possideat,
1161 1216 1294 1255 neque
1317 1200 1439 1255 plane

93 1280 217 1306 nosse
244 1272 364 1319 atque
390 1266 570 1307 vidisse?
633 1265 751 1319 ‘quin
776 1272 820 1305 tu
844 1265 968 1319 igitur
1003 1264 1104 1305 facis
1130 1264 1271 1313 idem,'
1309 1263 1440 1317 inquit

97 1326 300 1368 Scaevola
336 1328 467 1381 ‘quod
504 1328 682 1377 faceres,
721 1327 756 1368 si
780 1327 822 1367 in
859 1327 1037 1380 aliquam
1074 1327 1240 1367 domum
1276 1326 1441 1381 plenam

95 1397 429 1431 ornamentorum
454 1391 646 1431 villamve
671 1390 877 1431 venisses:
906 1389 940 1429 si
965 1404 1014 1430 ea
1039 1389 1231 1444 seposita,
1257 1395 1302 1428 ut
1326 1387 1441 1437 dieis,

96 1459 253 1501 essent,
280 1459 342 1501 tu,
369 1452 438 1506 qui
463 1453 582 1493 valde
609 1452 822 1507 spectandi
847 1451 1020 1506 eupidus
1047 1466 1180 1499 esses,
1217 1465 1299 1491 non
1325 1449 1443 1490 dubi-

96 1522 203 1555 tares
228 1530 375 1569 rogare
402 1515 629 1563 dominum,
666 1521 711 1554 111
735 1514 909 1569 proferri
933 1513 1109 1562 iuberet,
1141 1512 1382 1567 praesertim
1407 1511 1442 1552 si

96 1591 210 1617 esses
236 1577 468 1618 familiaris:
507 1577 692 1618 similiter
723 1591 831 1616 nune
855 1583 970 1631 petes
996 1591 1020 1616 a
1047 1574 1221 1624 Crasso,
1256 1582 1303 1614 ut
1330 1574 1443 1614 illam

97 1638 258 1692 copiam
282 1646 615 1679 ornamentorum
641 1654 820 1687 suorum,
846 1652 970 1691 quam
995 1643 1271 1678 constructam
1294 1651 1375 1676 uno
1400 1635 1443 1675 in

96 1700 186 1741 1000
211 1701 331 1753 quasi
355 1716 428 1755 per
452 1708 717 1741 transennam
746 1706 1055 1755 praetereuntes
1087 1698 1256 1739 strictim
1282 1697 1444 1752 aspexi-

95 1777 207 1811 mus,
244 1762 287 1802 in
310 1763 444 1803 lueem
468 1763 652 1818 proferat
676 1770 717 1803 et
742 1778 815 1803 suo
842 1762 1021 1816 quidque
1045 1761 1087 1801 in
1111 1761 1201 1802 loeo
1233 1759 1442 1801 conlocet?

98 1827 195 1879 ‘ego
231 1825 345 1866 vero'
388 1825 520 1878 inquit
559 1824 685 1867 Cotta
721 1829 763 1865 ‘a
799 1832 838 1865 te
874 1832 988 1879 peto,
1033 1823 1253 1865 Scaevola:
1289 1846 1344 1853 ——-
1377 1837 1444 1863 me

98 1886 208 1926 enim
238 1895 279 1927 et
308 1887 417 1927 hune
445 1886 676 1942 Sulpicium
705 1887 877 1942 impedit
913 1887 1045 1942 pudor
1076 1887 1127 1926 ab
1164 1885 1328 1927 homine
1359 1899 1446 1925 om-

97 1948 212 1989 nium
247 1950 513 2004 gravissimo,
558 1950 627 2003 qui
664 1966 795 2005 genus
838 1950 959 1990 huius
1002 1949 1113 1990 modi
1157 1947 1444 2002 disputationis

100 2026 262 2065 semper
287 2012 598 2067 contempserit,
637 2013 757 2061 haee,
784 2028 900 2066 rquae
925 2012 994 2052 isti
1025 2011 1197 2053 forsitan
1227 2024 1448 2065 puerorum

100 2073 303 2114 elementa
315 2074 543 2124 videantur,
559 2075 791 2128 exquirere:
805 2075 942 2115 —sed
956 2082 999 2114 tu
1013 2074 1119 2114 113110
1136 2072 1256 2113 nobis
1271 2071 1445 2119 veniam,

102 2134 324 2183 Scaevola,
363 2136 432 2176 da:
470 2137 640 2191 perfice,
677 2144 723 2177 111
750 2136 929 2178 Crassus
956 2136 1075 2183 haee,
1113 2149 1218 2188 quae
1249 2132 1447 2174 coartavit

101 2204 141 2237 01
164 2205 414 2251 peranguste
446 2198 610 2238 refersit
639 2198 682 2238 in
717 2198 901 2239 oratione
934 2213 1026 2245 sua,
1065 2196 1209 2236 dilatet.
1243 2194 1361 2235 nobis
1388 2201 1448 2234 31-

101 2273 179 2311 que
206 2258 408 2312 explicet?
469 2262 565 2313 ‘ego
590 2260 838 2301 mehercule’
866 2260 998 2312 inquit
1020 2258 1187 2299 Mucius
1215 2262 1354 2298 ‘antea
1378 2271 1448 2297 ve-

102 2328 187 2360 stra
212 2320 344 2373 magis
371 2320 449 2361 1100
474 2335 601 2361 eausa
637 2322 846 2369 volebam,
885 2336 1009 2374 quam
1032 2334 1143 2368 mea,
1180 2333 1313 2371 neque
1339 2318 1449 2359 enim

102 2389 214 2422 131110
253 2396 376 2435 opere
412 2381 519 2422 hano
550 2398 574 2423 a
600 2381 755 2423 Crasso
791 2382 1110 2437 disputationem
1147 2380 1445 2430 desiderabam,

101 2451 255 2496 quanto
281 2459 404 2498 opere
430 2444 517 2485 eius
542 2444 585 2485 in
610 2445 753 2485 0311515.
770 2445 953 2485 oratione
979 2444 1178 2492 deleetvor3
1204 2456 1311 2482 1111110
1335 2457 1446 2491 vero,

104 2504 276 2554 Crasse,
313 2521 407 2546 mea
430 2521 593 2560 quoque
618 2507 701 2547 iam
726 2521 851 2547 031153
879 2521 1000 2560 rogo,
1036 2512 1099 2554 ut,
1142 2504 1336 2558 quoniam
1359 2511 1449 2545 tan-

103 2575 190 2608 tum
215 2568 415 2609 habemus
442 2569 530 2617 otii,
568 2576 767 2622 quantum
791 2568 873 2609 iam
909 2568 978 2608 diu
1003 2567 1122 2609 nobis
1158 2582 1241 2608 non
1265 2565 1447 2621 contigit,

103 2645 154 2670 ne
180 2630 364 2685 graveris
391 2631 659 2671 exaedificare
681 2631 723 2671 id
742 2646 859 2685 opus,
885 2630 996 2684 quod
1019 2629 1249 2670 instituisti:
1274 2629 1449 2670 formam

105 2692 214 2733 enim
239 2692 362 2734 totius
388 2693 542 2747 negotii
568 2693 758 2748 opinione
783 2693 993 2733 meliorem
1013 2691 1289 2745 maioremque
1314 2691 1447 2740 video,

106 2768 228 2808 quam
247 2755 511 2796 vehementer
531 2755 688 2810 probo.’
727 2754 973 2796 ‘enimvero’
994 2753 1126 2808 inquit
1148 2752 1327 2795 Crassus
1354 2757 1449 2794 ‘ml-

179 2821 323 2849 Cim-onis
337 2823 390 2849 rol.
409 2821 441 2848 ΙΙ.
1206 2824 1224 2852 3

1459 534 1507 559 161

1465 1277 1512 1301 162

1470 1835 1518 1860 163

1472 2272 1521 2297 164

1472 2732 1517 2765 36

1474 2779 1522 2804 1155
