1859 3069
587 165 792 202 BRUTUS
818 165 999 200 98-106.
1385 156 1467 197 219

112 247 291 304 perspici
316 253 471 302 potest,
511 261 615 301 quae
640 262 775 300 neque
811 246 933 287 nimis
960 252 1024 287 est
1046 245 1184 287 infans
1215 260 1350 299 neque
1375 261 1469 300 per-

113 311 220 351 fecte
253 310 420 351 diserta..
480 310 649 350 lNlucius
689 316 827 350 autem
864 324 1013 363 augur,
1052 308 1162 362 quod
1191 323 1266 363 pro
1292 323 1336 349 se
1362 323 1465 362 opus

113 380 217 422 erat,
255 372 345 427 ipse
383 372 564 422 dicebat,
603 379 649 413 ut
674 372 724 413 de
754 371 941 426 pecuniis
978 371 1216 426 repetundis
1249 378 1392 411 contra
1416 370 1467 411 T.

111 435 351 476 Albucium.
412 434 447 475 is
474 442 683 475 oratorum
707 434 749 474 in
774 448 945 474 numero
970 448 1053 474 non
1079 432 1175 482 fuit,
1211 432 1310 473 iuris
1337 432 1468 473 civilis

112 496 397 551 intellegentia
422 504 544 549 atque
571 496 683 537 omni
706 495 950 550 prudentiae
976 509 1128 549 genere
1152 494 1370 549 praestitit.
1413 494 1467 535 L.

115 558 284 600 Caelius
310 558 533 614 Antipater
559 558 751 612 scriptor,
778 572 900 610 quem
926 557 979 597 ad
1003 557 1172 597 modum
1197 556 1365 604 videtis,
1391 555 1469 596 fuit

113 629 158 661 ut
183 620 437 675 temporibus
463 620 544 661 illis
570 620 824 669 luculentus,
850 619 950 659 iuris
976 619 1096 659 valde
1122 618 1292 674 peritus,
1318 618 1469 659 multo-

114 698 203 723 rum
230 683 353 723 etiam
378 690 425 722 ut
448 683 501 723 L.
530 681 676 723 Crassi
700 682 911 736 magister.

190 745 365 786 Utinam
394 745 437 785 in
462 744 527 784 Ti.
557 743 748 785 Graccho
776 743 965 796 Gaioque
993 742 1187 784 Carbone
1225 742 1317 783 talis
1349 758 1466 783 mens

113 806 164 846 ad
189 821 276 846 rem
300 806 509 860 publicam
534 805 640 845 bene
666 805 893 859 gerendam
918 804 1083 854 fuisset,
1110 804 1231 857 quale
1256 804 1468 859 ingenium

113 868 165 908 ad
201 868 305 907 benc
343 867 564 907 dicendum
602 866 698 907 fuit:
736 867 923 921 profecto
960 881 1081 907 nemo
1112 866 1175 906 his
1207 865 1305 906 viris
1337 867 1470 920 gloria

111 929 400 984 praestitisset.
463 929 537 969 sed
561 943 704 969 eorum
729 928 832 968 alter
868 936 1036 983 propter
1068 927 1470 968 turbulentissimum

111 991 376 1039 tribunatum,
404 991 457 1030 ad
482 1005 605 1043 quem
631 1005 682 1030 ex
706 989 862 1030 invidia
887 989 1066 1030 foederis
1086 989 1328 1030 Numantini
1347 990 1467 1030 bonis

109 1053 236 1093 iratus
263 1060 508 1101 accesserat,
537 1053 588 1093 ab
614 1052 705 1107 ipsa
729 1067 772 1092 re
798 1052 965 1106 publica
991 1059 1055 1092 est
1078 1051 1338 1101 interfectus3
1367 1052 1468 1092 alter

109 1122 277 1170 propter
313 1122 557 1170 perpetuam
595 1115 636 1154 in
674 1114 864 1169 populari
899 1114 1058 1154 ratione
1094 1113 1306 1154 levitatem
1336 1122 1468 1155 morte

110 1177 341 1218 voluntaria
374 1192 417 1218 se
451 1193 474 1218 a
505 1177 724 1218 severitate
760 1176 945 1216 iudicum
981 1176 1220 1216 vindicavit.
1282 1176 1356 1217 sed
1392 1176 1469 1216 suit

110 1247 281 1292 uterque
309 1254 495 1280 summus
517 1247 672 1288 orator3
701 1246 823 1292 atque
845 1239 923 1280 hoc
948 1239 1148 1280 memoria
1172 1245 1337 1293 patrum
1363 1246 1468 1279 teste

113 1301 305 1341 dicimus:
331 1316 427 1341 nam
455 1309 495 1341 ct
521 1300 726 1342 Carbonis
754 1308 794 1341 ct
821 1300 1002 1341 Gracchi
1033 1301 1233 1341 habemus
1260 1301 1467 1341 orationes

111 1363 296 1403 nondum
329 1363 429 1403 satis
463 1363 703 1417 splendidas
736 1363 893 1411 verbis,
933 1363 1007 1403 sed
1037 1370 1178 1403 acutas
1204 1363 1468 1416 prudentiae-

114 1438 191 1476 que
216 1424 494 1479 plenissimas.
550 1425 626 1464 fuit
655 1423 870 1465 Gracchus
898 1424 1110 1478 dil'gcntia
1137 1423 1356 1465 Corneliae
1381 1440 1469 1465 ma-

112 1488 184 1528 tris
211 1503 233 1527 a
258 1502 385 1541 pueio
406 1487 552 1527 doctus
575 1495 615 1527 et
636 1486 808 1527 Giaecis
834 1486 980 1526 litteiis
1008 1486 1211 1535 eruditus3
1237 1501 1334 1526 nam
1361 1502 1469 1528 sem-

111 1564 185 1604 pei
222 1548 366 1588 habuit
403 1548 630 1601 exquisitos
664 1563 685 1588 e
719 1548 898 1588 (uaecia
932 1547 1255 1602 111a‹ristr0s‚i11
1291 1549 1349 1589 eis
1386 1549 1469 1590 iam

113 1611 356 1651 adulescens
395 1610 662 1665 Diophanem
693 1610 998 1664 11151119113911111
1037 1608 1237 1650 Graeciae
1274 1611 1469 1666 tempori-

110 1673 187 1713 bus
213 1672 292 1712 illis
319 1672 654 1713 disertissimum.
711 1672 785 1712 sed
810 1672 847 1712 ei
873 1672 998 1712 breve
1025 1679 1188 1726 tempus
1214 1672 1369 1727 ingenii
1397 1689 1468 1713 au-

111 1734 235 1789 gendi
261 1741 299 1774 91
321 1734 557 1774 declarandi
584 1733 861 1783 fuit:Ca1bo‚
889 1732 955 1773 cui
975 1733 1060 1774 wita
1082 1734 1378 1788 suppeditant
1405 1742 1468 1776 est

110 1797 152 1837 in
176 1796 315 1837 multis
356 1796 518 1837 iudiciis
558 1797 777 1850 causisque
816 1796 1021 1850 cognitus.
1082 1796 1191 1836 hunc
1223 1796 1292 1850 qui
1329 1798 1469 1838 audic-

110 1865 203 1898 rant
236 1858 462 1912 prudentes
500 1859 710 1908 homines,
748 1858 790 1899 111
823 1858 972 1911 quibus
1004 1858 1216 1899 familiaris
1248 1864 1389 1899 noster
1413 1860 1467 1900 L.

113 1919 295 1968 Gellius,
339 1920 410 1973 qui
449 1935 493 1961 se
529 1921 588 1961 illi
632 1920 971 1962 contubernalem
1007 1920 1049 1960 in
1086 1920 1303 1961 consulatu
1338 1921 1468 1962 fuisse

112 1982 323 2030 narrabat,
364 1997 560 2023 canorum
585 1990 791 2024 oratorem
817 1991 858 2024 et
882 1983 1106 2023 volubilem
1133 1990 1173 2023 et
1199 1983 1298 2023 satis
1332 1997 1468 2024 acrem

114 2052 235 2097 atque
262 2044 439 2084 eundem
471 2052 512 2086 et
542 2045 830 2086 vehementem
856 2052 897 2086 et
921 2045 1041 2086 valde
1069 2045 1231 2085 dulcem
1263 2054 1301 2086 ct
1332 2046 1469 2100 perfa-

114 2113 249 2146 cetum
271 2106 398 2147 fuisse
420 2107 601 2156 dicebat3
624 2107 803 2148 addebat
822 2107 1070 2147 industrium
1092 2107 1215 2147 etiam
1236 2114 1276 2147 et
1296 2107 1470 2161 diligen-

114 2175 196 2207 tem
222 2174 261 2207 et
292 2167 334 2207 in
359 2169 722 2209 exercitationibus
761 2169 1260 2221 commentationibusquc
1293 2170 1469 2209 multum

114 2243 263 2283 operae
290 2229 455 2269 solitum
480 2245 572 2271 esse
597 2245 763 2285 ponere,
812 2231 878 2271 hic
903 2231 1082 2286 optimus
1107 2231 1187 2271 illis
1214 2231 1467 2285 temporibus

115 2301 177 2332 est
202 2298 400 2345 patronus
428 2292 594 2333 habitus
621 2307 752 2346 eoque
790 2293 928 2334 forum
964 2300 1129 2334 tenente
1154 2293 1273 2347 plura
1295 2293 1384 2334 fieri
1408 2293 1469 2333 iu-

115 2352 222 2393 dicia.
247 2362 489 2407 coeperuntg
521 2370 618 2395 nam
648 2362 689 2395 et
718 2355 982 2408 quaestiones
1014 2362 1238 2410 perpetuae
1263 2355 1342 2396 hoc
1368 2356 1469 2395 adu-

114 2415 297 2455 lescente
324 2415 571 2457 constitutae
598 2424 712 2466 sunt,
751 2431 856 2470 quae
882 2424 1003 2457 antea
1027 2417 1164 2458 nullae
1190 2418 1375 2467 fuerunt3
1412 2418 1465 2459 L.

115 2476 224 2516 enim
248 2476 348 2517 Piso
376 2477 563 2519 tribunus
600 2478 733 2533 plebis
766 2479 902 2533 legem
926 2479 1083 2533 primus
1110 2479 1160 2520 de
1192 2479 1377 2534 pecuniis
1402 2495 1467 2521 re-

113 2538 305 2593 petundis
335 2537 567 2581 Censorino
604 2548 644 2581 et
666 2540 842 2581 Manilio
880 2541 1119 2582 consulibus
1156 2541 1265 2590 tulit3
1297 2565 1353 2570 ——
1376 2542 1465 2596 ipse

114 2600 238 2641 etiam
261 2600 363 2642 Piso
390 2609 431 2642 et
461 2617 608 2643 causas
636 2602 721 2657 egit
746 2610 786 2643 et.
816 2603 1038 2643 multarum
1063 2603 1203 2657 legum
1229 2611 1299 2644 aut
1324 2611 1465 2645 auctor

115 2670 184 2703 aut
209 2662 422 2704 dissuasor
447 2663 522 2704 fuit
532 2681 543 2714 3
580 2664 698 2718 isque
724 2672 764 2706 et
794 2664 1000 2707 orationes
1031 2665 1215 2719 reliquit,
1253 2681 1358 2720 quae
1382 2666 1464 2707 iam

1494 325 1542 349 102

1493 739 1536 773 ‘27

1495 787 1543 811 103

1495 1316 1543 1340 104

1494 1754 1542 1779 105

1494 2250 1542 2274 106
