1859 3069
295 779 328 803 90

299 1274 331 1298 91

358 175 441 216 216
766 182 815 216 M.
842 180 1020 216 TULLII
1047 179 1306 216 CICERONIS

358 265 492 306 dicem
516 279 639 318 quam
664 263 751 311 ille,
790 262 859 314 qui
885 261 1050 309 doceat,
1088 260 1336 315 elegantiam
1361 261 1404 302 in
1427 261 1594 311 Laelio,
1627 261 1711 302 vim

356 326 400 367 in
431 325 568 367 Galba
603 325 752 372 fuisse3
791 337 896 375 quae
923 321 1089 374 quidem
1124 322 1187 362 vis
1224 330 1311 363 tum
1342 323 1521 364 maxime
1546 323 1712 378 cognita

358 395 438 437 est,
477 402 570 427 cum
601 383 819 425 Lusitanis
853 399 877 423 a
903 382 994 424 Ser,
1023 382 1160 423 Galba
1194 392 1383 438 praetore
1415 392 1558 426 contra
1587 385 1712 425 inter-

357 450 556 505 positam,
594 454 639 486 ut
675 445 1006 494 existimabatur,
1045 444 1169 485 fidem
1204 445 1431 487 interfectis
1461 447 1515 488 L.
1546 447 1711 488 Libone

359 511 521 551 tribuno
552 507 688 563 plebis
721 507 922 562 populum
951 506 1147 547 incitante
1179 514 1219 548 et
1248 508 1507 562 rogationem
1536 508 1579 549 in
1611 508 1712 550 Gal-

357 574 452 613 bam
476 569 683 626 privilegii
710 569 886 610 similem
910 569 1082 618 ferente,
1111 584 1273 610 summa
1299 577 1523 619 senectute,
1548 578 1594 610 ut
1619 579 1712 612 ante

357 634 460 683 dixi,
497 633 560 673 M.
600 630 707 673 Cato
743 631 881 685 legem
919 631 1098 671 suadens
1135 630 1178 671 in
1210 629 1391 672 Galbam
1425 631 1556 672 multa
1592 632 1712 682 dixit3

358 710 483 750 quam
518 694 747 735 orationem
777 693 821 733 in
853 692 1052 747 Origines
1085 707 1182 733 suas
1213 693 1388 742 rettulit,
1425 693 1568 747 paucis
1601 701 1714 734 antc-

359 773 484 812 quam
507 763 694 798 mortuus
721 762 786 796 cst
839 753 929 809 [an]
959 755 1104 795 diebus
1131 770 1183 796 an
1208 755 1441 796 mensibus:
1479 762 1566 795 tum
1590 755 1714 810 igitur

356 819 459 860 nihil
488 832 687 859 recusans
721 816 860 858 Galba
888 832 964 872 pro
1002 831 1096 858 sese
1128 824 1169 857 et
1204 816 1347 872 populi
1376 816 1556 858 Romani
1591 817 1715 858 fidem

356 882 606 938 implorans,
645 894 739 920 cum
772 894 869 920 suos
901 894 1052 933 pueros
1085 886 1173 920 tum
1200 878 1249 921 C.
1278 879 1390 921 Galli
1427 880 1551 921 etiam
1586 879 1716 920 filium

357 946 462 986 flens
494 941 832 991 commendabat,
870 941 986 982 cuius
1019 941 1173 982 orbitas
1200 950 1239 982 ct
1264 941 1386 982 fletus
1417 942 1519 982 mire
1544 941 1715 982 misera-

358 1006 452 1047 bilis
484 1004 563 1046 fuit
591 1010 760 1060 propter
794 1011 1005 1044 recentem
1040 1003 1283 1045 memoriam
1313 1003 1530 1045 clarissimi
1566 1004 1714 1059 patris3

359 1069 507 1122 hisque
545 1081 588 1107 se
628 1073 715 1106 tum
753 1065 902 1120 eripuit
936 1065 1121 1114 flamma,
1166 1073 1333 1120 propter
1368 1081 1519 1120 pueros
1556 1065 1716 1106 miseri-

360 1130 501 1172 cordia
546 1128 691 1184 populi
739 1135 963 1177 commota,
1013 1127 1119 1168 sieut
1159 1128 1269 1168 idem
1313 1128 1510 1182 scriptum
1552 1127 1717 1180 reliquit

362 1192 483 1234 Cato.
544 1199 666 1244 atque
702 1189 826 1230 etiam
854 1189 993 1244 ipsum
1016 1189 1225 1230 Libonem
1255 1204 1339 1230 non
1369 1189 1570 1230 infantem
1595 1189 1715 1230 video

364 1255 515 1302 fuisse,
558 1260 605 1293 ut
641 1266 693 1292 ex
735 1251 990 1292 orationibus
1029 1250 1116 1291 eius
1158 1250 1344 1305 intellegi
1378 1259 1528 1305 potest.
1623 1264 1716 1290 eum

363 1317 466 1357 haec
503 1314 703 1355 dixissem
739 1320 780 1353 et
814 1313 986 1368 paulum
1020 1312 1382 1365 interquievisscm
1420 1312 1538 1365 ‘quid
1572 1311 1715 1367 igitur’

360 1377 492 1432 inquit
529 1381 613 1417 ‘est
650 1374 818 1416 causae’
856 1375 1033 1423 Brutus,
1074 1373 1128 1414 ‘si
1164 1381 1279 1414 tanta
1313 1373 1445 1414 virtus
1481 1374 1524 1414 in
1555 1381 1716 1415 oratore

362 1440 500 1481 Galba
534 1438 633 1487 fuit,
670 1451 742 1477 eur
779 1451 828 1477 ea
862 1436 977 1476 nulla
1007 1436 1049 1476 in
1085 1435 1339 1477 orationibus
1371 1436 1459 1476 eius
1497 1436 1717 1491 appareat?

361 1502 473 1555 quod
496 1499 635 1540 mirari
660 1514 744 1540 non
774 1513 948 1553 possum
972 1498 1014 1538 in
1040 1497 1119 1545 eis,
1158 1497 1228 1550 qui
1252 1497 1353 1537 nihil
1385 1497 1550 1539 omnino
1577 1497 1718 1553 scripti

293 1561 646 1615 241·eliquerunt.’
720 1565 816 1601 ‘nec
859 1560 968 1601 enim
1012 1568 1076 1600 est
1118 1559 1300 1608 cadem,'
1343 1559 1512 1612 inquam
1555 1560 1716 1609 ίΒΥιιῒρ,

299 1890 333 1915 92

305 2386 337 2410 93

362 1639 487 1665 causa
517 1638 600 1663 non
631 1622 840 1663 scribendi
876 1630 917 1662 et
947 1637 1031 1662 non
1067 1629 1152 1661 tam
1188 1622 1294 1662 bene
1332 1621 1557 1670 scribendi,
1595 1636 1719 1675 quam

362 1685 558 1733 dixerint3
596 1699 693 1724 nam
725 1683 914 1724 videmus
949 1682 1051 1724 alios
1078 1691 1261 1724 oratores
1293 1683 1440 1723 inertia
1464 1683 1564 1723 nihil
1591 1683 1719 1738 scrip-

363 1749 488 1796 sisse,
525 1761 577 1787 ne
603 1745 856 1786 domesticus
883 1745 1007 1785 etiam
1030 1744 1148 1785 labor
1174 1745 1388 1785 accederet
1413 1745 1465 1785 ad
1489 1745 1717 1794 forensem3

361 1811 583 1865 pleraeque
610 1807 720 1848 enim
746 1807 981 1847 scribuntur
1007 1807 1214 1848 orationes
1246 1807 1411 1847 habitae
1436 1807 1536 1856 iam,
1567 1822 1650 1848 non
1674 1816 1718 1847 ut

364 1872 614 1918 habeantur3
653 1869 755 1910 alios
787 1884 872 1910 non
901 1869 1111 1918 laborare,
1149 1876 1195 1909 ut.
1224 1869 1417 1910 meliores
1448 1869 1568 1919 fiant3
1606 1869 1719 1909 nulla

363 1933 473 1974 enim
497 1947 564 1972 res
591 1939 751 1972 tantum
777 1931 830 1971 ad
855 1930 1073 1971 dicendum
1099 1931 1279 1985 proficit,
1307 1938 1506 1983 quantum
1532 1930 1698 1985 scriptio
1707 1948 1717 1980 3

362 1994 605 2036 memoriam
630 2001 768 2034 autem
792 1992 835 2033 in
859 2000 1073 2048 posterum
1090 1993 1247 2047 ingenii
1273 1993 1336 2033 sui
1360 2008 1443 2033 non
1469 1992 1718 2042 desiderant,

364 2072 459 2097 cum
491 2071 534 2096 se
565 2062 714 2111 putant
745 2054 845 2096 satis
879 2070 1077 2109 magnam
1109 2055 1281 2109 adeptos
1314 2070 1406 2096 esse
1439 2055 1601 2096 dicendi
1631 2054 1720 2109 glo-

361 2119 464 2160 riam
491 2132 664 2171 eamque
696 2117 821 2158 etiam
851 2116 1051 2157 maiorem
1083 2116 1218 2157 visum
1249 2116 1316 2166 iri,
1355 2116 1390 2158 si
1414 2117 1456 2157 in
1481 2116 1721 2158 existiman-

364 2181 466 2222 tium
503 2179 718 2220 arbitrium
762 2194 837 2219 sua
874 2178 1028 2233 scripta
1069 2178 1153 2220 non
1196 2178 1402 2228 venerint3
1446 2178 1566 2228 alios,
1611 2178 1721 2232 quod

363 2242 511 2283 melius
536 2249 684 2296 putent
710 2240 846 2281 dicere
873 2255 916 2281 se
942 2255 1067 2295 posse
1088 2255 1211 2293 quam
1231 2241 1408 2281 scribere
1418 2257 1428 2291 3
1455 2241 1566 2294 quod
1583 2240 1721 2296 perin-

365 2303 548 2359 geniosis
586 2302 823 2343 hominibus
860 2317 995 2355 neque
1035 2303 1135 2343 satis
1174 2302 1305 2343 doctis
1342 2303 1585 2358 plerumque
1623 2317 1721 2344 con-

369 2367 508 2421 tingit,
532 2374 578 2406 ut
602 2365 683 2420 ipsi
710 2364 891 2415 Galbam
928 2379 1051 2418 quem
1076 2365 1255 2406 fortasse
1280 2365 1342 2405 vis
1368 2381 1451 2406 non
1475 2365 1630 2419 ingenii
1655 2380 1721 2406 so-

365 2429 464 2477 lum,
491 2428 565 2469 sed
590 2427 713 2468 etiam
739 2427 865 2467 animi
890 2434 932 2468 et
955 2427 1154 2468 naturalis
1181 2427 1349 2480 quidam
1375 2427 1490 2468 dolor
1515 2427 1720 2468 dicentem

366 2491 615 2532 incendebat
639 2489 949 2542 efficiebatque,
974 2496 1021 2530 ut
1045 2497 1085 2530 et
1109 2489 1278 2529 incitata.
1303 2496 1341 2529 ct
1367 2488 1506 2544 gravis
1532 2496 1574 2530 et
1596 2488 1720 2529 vehe-

367 2568 484 2593 mens
511 2560 622 2594 esset
646 2552 795 2594 oratio:
834 2551 930 2593 dein
962 2566 1056 2592 eum
1081 2551 1238 2593 otiosus
1272 2551 1411 2592 stilum
1446 2550 1718 2606 prehenderat

369 2622 586 2667 motusque
619 2613 752 2655 omnis
785 2613 910 2655 animi
947 2620 1158 2666 tamquam
1187 2620 1335 2654 ventus
1367 2612 1576 2654 hominem
1607 2610 1719 2651 defe-

371 2682 498 2724 cerat,
529 2675 803 2717 flaccescebat
828 2675 977 2724 orati03
1010 2675 1122 2729 quod
1147 2674 1226 2724 eis,
1258 2674 1327 2728 qui
1352 2673 1531 2714 limatius
1558 2670 1718 2712 dicendi
