1859 3069
369 212 453 253 344
771 219 818 252 M.
845 217 1021 252 TULLII
1048 215 1309 250 CICERONIS

370 301 508 342 locos?
546 300 594 341 C.
627 301 676 340 P.
715 299 756 341 in
794 298 942 350 quibus
980 297 1109 336 latent
1145 303 1400 350 argumenta.
1462 296 1510 337 C.
1542 297 1591 338 F.
1624 296 1721 349 quid

371 370 434 403 est
471 360 784 416 argumentum?
823 358 872 399 C.
905 359 954 398 P.
986 357 1199 412 probabile
1236 357 1448 397 inventum
1480 359 1532 398 ad
1568 359 1721 398 sacien-

371 425 466 464 dam
498 424 634 463 fidem.
697 420 746 462 C.
772 421 821 461 F.
849 434 930 473 quo
961 420 1085 459 modo
1110 419 1235 473 igitur
1266 418 1348 459 duo
1374 434 1527 473 genera
1557 420 1637 460 ista
1662 420 1721 460 di-

370 486 500 526 vidis?
534 484 582 524 C.
608 485 657 523 P.
685 497 790 536 quae
817 482 904 521 sine
931 489 1016 522 arte
1042 488 1256 535 putantur,
1290 496 1338 521 ea
1363 488 1521 522 remota
1545 482 1719 536 appello.

370 555 413 587 ut
445 546 695 594 testimonia3
732 545 877 594 insita,
905 559 1010 598 quae
1037 544 1251 584 inhaerent
1282 544 1322 583 in
1353 544 1444 599 ipsa
1473 559 1530 585 re.
1592 544 1641 585 C.
1671 545 1720 586 F.

371 608 698 649 testimoniorum
730 621 835 660 quae
866 621 1020 661 genera
1053 608 1171 647 sunt?
1204 605 1253 647 C.
1278 606 1329 647 P.
1362 606 1547 646 divinum
1578 614 1619 647 et
1648 607 1722 647 hu-

369 686 554 711 manum:
587 669 771 709 divinum
797 676 842 710 ut
872 669 1056 717 oracula,
1089 675 1133 708 ut.
1163 668 1364 722 auspicia,
1396 676 1440 709 ut
1468 668 1722 709 vaticinatio-

369 748 461 781 nes,
492 739 537 772 ut
560 746 763 786 responsa
794 731 1074 778 sacerdotum,
1106 730 1392 785 haruspicum,
1425 731 1721 779 coniect0rum3

370 795 614 842 humanum,
653 793 764 846 quod
797 800 1006 848 spectatur
1032 808 1082 833 cx
1110 793 1371 842 auctoritate,
1410 808 1461 833 ex
1498 793 1721 841 voluntate,

369 872 419 896 ex
441 856 624 896 oratione
646 862 715 895 aut
738 855 868 896 libera
890 863 960 896 aut
981 870 1197 909 expressa,
1224 855 1265 895 in
1286 870 1366 907 quo
1390 855 1532 895 insunt
1557 854 1721 908 scripta,

329 935 342 941 ·
369 926 502 972 pacta,
528 916 746 971 promissa,
772 917 917 965 iurata,
945 917 1143 970 quaesita.
1195 915 1244 957 C.
1269 917 1318 957 F.
1345 931 1449 970 quae
1477 925 1591 965 sunt,
1618 930 1722 969 quae

369 979 470 1019 dieis
502 979 650 1019 insita?
689 978 739 1019 C.
765 979 814 1020 P.
847 994 952 1032 quae
989 988 1136 1020 natura
1169 979 1294 1020 infixa
1327 987 1420 1020 sunt
1452 980 1575 1020 rebus
1606 979 1721 1033 ipsis,

369 1049 412 1081 ut
440 1041 641 1089 definitio,
673 1049 718 1081 ut.
743 1042 1010 1091 contrarium,
1037 1050 1083 1082 ut
1108 1057 1174 1089 ea,
1206 1056 1311 1094 quae
1339 1049 1434 1082 sunt
1458 1041 1537 1095 ipsi
1563 1048 1723 1081 eontra-

369 1104 482 1144 riove
508 1103 595 1144 eius
634 1112 705 1144 aut
731 1104 880 1144 similia
912 1112 982 1144 aut
1013 1104 1230 1145 dissimilia
1255 1112 1323 1144 aut
1349 1110 1628 1144 consentanea
1653 1110 1723 1142 aut

370 1165 653 1215 dissentanea3
690 1173 737 1206 ut.
761 1181 828 1215 ea,
867 1181 971 1219 quae
999 1173 1093 1207 sunt
1130 1166 1249 1219 quasi
1274 1166 1493 1206 coniuncta
1523 1172 1591 1205 aut
1617 1179 1722 1217 quae

370 1228 487 1280 quasi
524 1228 753 1282 pugnantia
788 1228 895 1268 inter
933 1243 996 1277 se,
1034 1236 1077 1268 ut
1115 1243 1255 1268 earum
1290 1242 1447 1275 rerum,
1486 1227 1536 1267 de
1573 1227 1721 1279 quibus

371 1289 524 1343 agitur,
556 1303 725 1339 causae,
763 1298 834 1330 aut
859 1304 1077 1330 causarum
1103 1297 1295 1338 eventus,
1321 1289 1363 1329 id
1389 1296 1470 1338 est,
1498 1303 1602 1342 quae
1629 1297 1724 1328 sunt

370 1352 518 1392 effecta
543 1352 594 1392 de
620 1352 775 1401 causis3
813 1359 859 1392 ut
884 1351 1211 1400 distributiones,
1242 1360 1285 1391 ut
1315 1350 1486 1406 [genera
1511 1347 1720 1405 partium‚]

368 1429 567 1468 generum
591 1422 749 1468 partes3
775 1422 821 1454 ut
843 1413 1067 1468 primordia
1086 1429 1223 1454 rerum
1250 1421 1290 1454 et
1314 1413 1432 1466 quasi
1456 1426 1723 1467 praecurren-

369 1475 443 1524 tia,
481 1476 521 1515 in
548 1476 696 1528 quibus
722 1476 830 1517 inest
856 1475 1009 1528 aliquid
1034 1475 1285 1529 argumenti3
1322 1482 1367 1515 ut
1391 1489 1529 1515 rerum
1555 1480 1723 1515 eonten-

324 1590 331 1599 ⁴
369 1536 522 1585 tiones,
561 1537 658 1590 quid
683 1537 837 1586 maius,
875 1537 973 1590 quid
997 1552 1090 1592 par,
1124 1537 1223 1590 quid
1246 1536 1382 1577 minus
1409 1536 1479 1584 sit,
1506 1536 1548 1576 in
1574 1535 1722 1588 quibus

324 1610 344 1643 ζ
370 1606 439 1638 aut
458 1606 627 1638 naturae
646 1613 783 1638 rerum
803 1606 873 1639 aut
891 1599 1110 1639 facultates
1133 1604 1437 1653 comparantur.
1487 1596 1537 1638 C.
1556 1597 1605 1638 F.
1633 1612 1723 1637 om-

370 1660 547 1700 nibusne
572 1660 697 1714 igitur
722 1675 773 1700 ex
798 1660 888 1700 istis
914 1660 1015 1701 locis
1048 1667 1292 1715 argumenta
1323 1660 1558 1700 sumemus?
1596 1657 1646 1699 C.
1672 1659 1722 1699 P.

370 1721 495 1761 immo
534 1736 631 1762 vero
670 1722 944 1762 scrutabimur
983 1729 1023 1762 et
1053 1736 1297 1774 quaeremus
1324 1736 1375 1761 ex
1400 1720 1611 1769 omnibus3
1650 1720 1723 1760 sed

372 1783 660 1823 adhibebimus
698 1783 913 1831 iudicium,
950 1791 995 1823 ut
1042 1783 1150 1823 levia
1186 1797 1350 1837 semper
1386 1782 1602 1830 eiciamus,
1639 1796 1722 1821 non

370 1860 595 1897 numquam
627 1844 750 1885 etiam
788 1845 1021 1885 communia
1056 1844 1430 1899 praetermittamus
1469 1851 1509 1884 et
1539 1858 1620 1883 non
1652 1857 1723 1883 ne-

371 1907 564 1947 cessaria.
626 1905 674 1947 C.
706 1906 756 1947 F.
789 1907 984 1959 quoniam
1015 1907 1065 1947 de
1102 1907 1182 1947 fide
1220 1905 1489 1961 respondisti,
1527 1905 1621 1946 volo
1652 1920 1723 1945 au-

371 1968 457 2009 dire
495 1968 545 2009 de
583 1976 710 2009 motu.
784 1967 833 2009 C.
871 1969 921 2009 P.
962 1967 1042 2023 [tu]
1082 1968 1173 2009 loeo
1211 1968 1377 2021 quidem
1421 1967 1604 2020 quaeris,
1649 1967 1724 2007 sed

370 2029 532 2084 plenius
570 2030 681 2083 quod
716 2030 779 2071 vis
818 2030 1108 2085 explicabitur,
1146 2045 1239 2070 cum
1271 2030 1324 2070 ad
1360 2029 1556 2071 orationis
1592 2028 1722 2083 ipsius

371 2092 741 2146 quaestionumque
777 2093 978 2134 rationem
1015 2107 1180 2134 venero.
1242 2092 1292 2133 C.
1323 2093 1372 2134 F.
1405 2092 1503 2145 quid
1541 2091 1724 2143 sequitur

369 2154 520 2209 igitur?
558 2154 607 2196 C.
632 2155 683 2195 P.
710 2169 802 2195 eum
826 2155 1053 2204 inveneris,
1091 2155 1326 2196 conlocare:
1359 2168 1452 2194 eum
1479 2162 1542 2194 est
1565 2152 1724 2192 infinita

372 2216 577 2269 quaestio,
615 2216 715 2257 ordo
751 2216 860 2257 idem
899 2225 959 2257 est
993 2217 1098 2265 fere,
1136 2231 1260 2270 quem
1290 2215 1482 2270 exposui,
1520 2215 1722 2262 locorum3

370 2278 413 2318 in
449 2278 617 2318 definita
653 2285 790 2319 autem
827 2278 1062 2319 adhibenda
1098 2287 1194 2319 sunt
1230 2278 1301 2318 illa
1342 2277 1485 2326 etiam,
1529 2291 1634 2330 quae
1672 2276 1723 2316 ad

372 2348 507 2380 motus
535 2340 768 2381 animorum
804 2340 1022 2395 pertinent.
1084 2339 1134 2381 C.
1160 2341 1208 2381 F.
1237 2355 1316 2393 quo
1341 2339 1464 2380 modo
1496 2339 1620 2392 igitur
1644 2338 1724 2378 ista

372 2402 580 2455 explicas?
624 2401 673 2443 C.
704 2402 753 2442 P.
799 2402 932 2443 habeo
975 2401 1210 2442 communia
1245 2408 1466 2456 praecepta
1502 2401 1626 2440 fidem
1662 2400 1723 2440 fa-

372 2463 506 2503 ciendi
532 2472 571 2504 et
596 2464 900 2504 commovendi:
943 2461 1174 2518 [quoniam]
1201 2462 1304 2504 fides
1330 2470 1394 2503 est
1418 2462 1536 2502 firma
1571 2461 1722 2516 opinio.

372 2534 509 2564 motus
547 2533 683 2566 autem
720 2526 844 2566 animi
882 2525 1064 2566 incitatio
1096 2532 1166 2565 aut
1197 2525 1249 2565 ad
1286 2525 1540 2579 voluptatem
1571 2530 1642 2564 aut
1672 2523 1723 2563 ad

376 2586 605 2627 molestiam
630 2594 701 2627 aut
725 2587 777 2627 ad
808 2588 1075 2642 cupiditatem
1102 2594 1172 2627 aut
1203 2587 1255 2627 ad
1284 2594 1440 2627 metum
1464 2610 1519 2614 ——
1545 2592 1604 2625 tot
1630 2593 1722 2624 sunt

377 2647 485 2686 enim
509 2663 673 2701 genera,
700 2656 837 2703 partes
863 2650 1002 2704 plures
1029 2664 1227 2704 generum
1255 2648 1510 2703 singulorum
1536 2672 1591 2675 ——
1619 2644 1723 2700 [om-

380 2723 471 2748 nem
510 2710 832 2751 conlocationem
870 2712 921 2751 ad
958 2712 1080 2751 finem
1125 2711 1397 2752 adeommodo
1435 2705 1718 2762 quaestionis]
