1859 3069
625 185 812 221 TOPICA
839 186 881 220 72
896 207 929 211 —-
941 186 994 220 78.
1405 178 1486 218 391

140 269 474 324 persuadendum
512 268 706 309 scientiae
742 292 798 296 ——
834 274 905 308 aut
939 282 1058 316 usus3
1101 267 1343 322 plerumque
1381 268 1489 308 enim

142 331 321 371 creditur
359 331 436 379 eis,
480 330 548 383 qui
587 329 745 384 experti
789 338 896 370 sunt.
967 329 1067 369 facit
1102 328 1225 369 etiam
1261 329 1488 370 necessitas
1515 334 1523 344 ⁵

139 393 281 441 fidem,
320 408 423 445 quae
455 401 541 433 tum
567 408 591 432 a
620 391 880 446 corporibus,
919 399 1006 431 tum
1031 391 1082 431 ab
1109 391 1255 431 animis
1287 391 1488 440 nascitur3

140 471 235 495 nam
262 466 302 495 et
327 455 586 503 verberibus,
623 453 856 502 tormentis,
893 453 980 507 igni
1005 453 1167 508 fatigati
1204 468 1309 506 quae
1336 454 1488 504 dicunt,

141 533 189 557 ea
213 518 375 557 videtur
400 517 552 558 veritas
589 517 680 570 ipsa
717 516 871 564 dicere,
911 524 951 555 et
976 530 1081 568 quae
1112 516 1489 570 perturbationibus

141 580 284 628 animi,
312 580 471 629 dolore,
504 578 746 633 cupiditate,
778 577 1007 626 iracundia,
1033 585 1163 627 metu,
1191 578 1286 631 quia
1309 579 1491 619 necessi-

142 642 235 682 tatis
262 641 345 682 vim
375 642 547 689 habent,
587 641 778 681 adferunt
815 640 1098 681 auctoritatem
1129 650 1169 681 ct
1194 641 1335 689 fidem3
1373 641 1489 681 cuius

140 703 305 756 generis
332 704 456 744 etiam
479 703 551 743 illa
576 711 688 751 sunt,
726 717 777 742 ex
803 703 951 755 quibus
983 717 1127 742 verum
1157 718 1240 743 non
1264 718 1490 756 numquam

142 765 366 805 invenitur:
392 765 586 820 pueritia,
620 779 808 812 somnus,
835 763 1128 818 imprudentia,
1162 764 1403 813 vinolentia,
1429 764 1491 804 in-

142 827 276 875 sania3
313 843 409 867 nam
435 835 475 867 et
506 826 622 881 parvi
654 841 777 880 saepe
810 826 1095 866 indicaverunt
1131 826 1304 879 aliquid,
1342 841 1423 879 quo
1449 827 1491 866 id

139 890 363 944 pertineret
386 889 532 943 ignari,
560 896 599 929 et
624 903 697 943 per
723 903 926 937 somnum,
953 888 1107 937 vinum,
1133 888 1336 928 insaniam
1361 889 1492 928 multa

141 967 264 1006 saepe
301 952 509 1005 patefacta
535 958 649 998 suntg
687 950 805 990 multi
836 950 958 990 etiam
984 950 1025 989 in
1049 965 1115 990 res
1148 949 1313 990 odiosas
1338 950 1492 1004 impru-

140 1013 284 1054 dentes
309 1013 560 1059 inciderunt‚
586 1020 632 1051 ut
658 1010 828 1052 Staieno
854 1026 985 1065 nuper
1012 1012 1178 1060 accidit,
1213 1011 1281 1064 qui
1307 1027 1355 1052 ea
1379 1013 1493 1053 locu-

140 1084 204 1114 tus
231 1081 295 1114 est
325 1073 444 1113 bonis
476 1072 574 1112 viris
608 1073 1017 1113 subauscultantibus
1049 1073 1205 1127 pariete
1235 1074 1491 1128 interposito,

139 1136 287 1188 quibus
314 1134 532 1189 patefactis
558 1134 600 1174 in
624 1134 904 1186 iudiciumque
929 1134 1099 1188 prolatis
1126 1135 1194 1175 ille
1219 1135 1279 1175 rei
1305 1136 1491 1189 capitalis

137 1199 223 1239 iure
250 1199 468 1238 damnatus
495 1205 569 1238 est.
630 1197 724 1236 huic
751 1196 882 1237 simile
908 1196 1105 1249 quiddam
1131 1197 1181 1237 de
1206 1197 1493 1238 Lacedaemo-

137 1261 206 1301 nio
242 1260 454 1300 Pausania
490 1259 738 1313 accepimus.
804 1258 1020 1299 concursio
1058 1267 1195 1299 autem
1231 1259 1493 1299 fortuitorum

138 1322 231 1362 talis
258 1330 338 1370 est,
376 1330 440 1370 ut,
479 1321 513 1361 si
537 1321 814 1361 interventum
840 1329 903 1360 cst
928 1335 1045 1369 casu,
1084 1334 1176 1360 cum
1208 1328 1279 1360 aut
1303 1329 1494 1375 ageretur

139 1384 311 1436 aliquid,
350 1384 460 1436 quod
485 1383 778 1437 proferendum
804 1398 887 1423 non
913 1390 1041 1429 esset,
1080 1390 1151 1422 aut
1176 1382 1392 1423 diceretur.
1452 1383 1494 1422 111

138 1446 216 1486 hoc
242 1461 393 1500 genere
431 1446 554 1485 etiam
578 1445 648 1485 illa
685 1453 747 1485 est
772 1445 814 1484 in
838 1445 1107 1485 Palamedem
1143 1445 1329 1485 coniecta
1360 1445 1495 1499 suspi-

139 1508 296 1548 tionum
320 1507 563 1561 proditionis
588 1506 827 1554 multitudo3
866 1507 976 1559 quod
1001 1521 1133 1561 genus
1158 1507 1338 1547 refutare
1369 1507 1495 1547 inter-

139 1570 236 1609 dum
273 1569 424 1609 veritas
462 1569 530 1609 vix
567 1576 716 1623 potest.
778 1568 899 1608 huius
937 1568 1061 1608 etiam
1092 1576 1156 1608 est
1186 1568 1349 1624 generis
1383 1569 1495 1608 fama

139 1631 270 1685 volgi3
309 1631 517 1683 quoddam
554 1630 827 1670 multitudinis
865 1630 1159 1671 testimonium.
1221 1646 1325 1683 quae
1357 1639 1494 1670 autem

140 1693 288 1733 virtute
314 1693 439 1732 fidem
474 1692 649 1741 faciunt,
689 1708 737 1732 ea
763 1692 954 1746 bipertita
980 1700 1093 1741 sunt3
1131 1707 1182 1733 ex
1220 1693 1367 1745 quibus
1395 1693 1495 1733 alte-

137 1770 228 1794 rum
253 1762 399 1794 natura
426 1755 554 1803 valet,
582 1755 755 1794 alterum
783 1754 1004 1802 industria3
1031 1755 1203 1795 deorum
1228 1754 1337 1794 enim
1363 1754 1492 1794 virtus

138 1825 285 1856 natura
311 1816 494 1863 excellit,
532 1816 745 1856 hominum
772 1826 908 1856 autem
947 1815 1162 1856 industria.
1223 1815 1362 1856 divina
1393 1815 1495 1856 haec

140 1879 226 1918 fere
265 1886 360 1918 sunt
396 1877 650 1918 testimonia:
687 1878 865 1933 primum
903 1878 1099 1918 orationis
1130 1901 1187 1906 —
1219 1877 1356 1917 oracla
1386 1878 1496 1918 enim

139 1955 189 1980 ex
215 1955 263 1980 eo
288 1940 379 1994 ipso
405 1940 612 1995 appellata
638 1948 749 1988 sunt,
789 1941 901 1993 quod
924 1940 1031 1980 inest
1056 1940 1097 1979 in
1124 1939 1181 1980 eis
1209 1940 1380 1980 deorum
1406 1955 1493 1981 ora-

139 2001 195 2041 tio
233 2025 289 2030 —-
325 2001 473 2041 deinde
510 2017 666 2050 rerum,
705 2002 747 2042 in
773 2003 921 2055 quibus
960 2002 1101 2042 insunt
1137 2001 1255 2054 quasi
1292 2002 1493 2054 quaedam

138 2078 264 2117 opera
301 2063 458 2104 divina:
495 2064 673 2118 primum
709 2064 799 2119 ipse
829 2064 1008 2104 mundus
1036 2064 1205 2117 eiusque
1237 2063 1368 2104 omnis
1395 2064 1495 2105 ordo

140 2137 181 2166 et
212 2133 399 2174 ornatus3
438 2126 633 2181 deinceps
672 2126 770 2167 aerii
807 2127 968 2167 volatus
1007 2126 1145 2166 avium
1172 2133 1293 2178 atque
1331 2134 1494 2175 cantus3

141 2187 289 2227 deinde
327 2187 513 2228 eiusdem
557 2188 661 2229 a'e'ris
705 2188 864 2229 sonitus
904 2196 944 2229 et
982 2189 1148 2229 ardores
1192 2188 1495 2240 multarumque

139 2264 276 2289 rerum
312 2249 354 2289 in
391 2257 499 2290 terra
535 2257 725 2304 portenta
761 2259 883 2303 atque
921 2250 1044 2290 etiam
1088 2265 1161 2304 per
1197 2257 1293 2290 exta
1329 2250 1498 2289 inventa

139 2310 398 2366 praesensiog
447 2310 506 2366 [a]
552 2313 849 2353 dormientibus
894 2326 1057 2365 quoque
1094 2311 1224 2351 multa
1267 2311 1498 2365 significata

140 2373 252 2413 visis.
301 2371 468 2426 [quibus
490 2388 558 2414 ,ex
593 2374 694 2416 locis
733 2375 839 2415 sumi
877 2374 1081 2414 interdum
1121 2373 1255 2414 solent
1285 2374 1338 2413 ad
1371 2374 1494 2414 fidem

140 2434 372 2475 faciendam
397 2436 632 2476 testimonia
657 2435 860 2491 deorum]
910 2436 952 2476 in
978 2435 1142 2476 homine
1168 2435 1329 2475 virtutis
1357 2435 1494 2489 opinio

142 2497 249 2536 valet
274 2497 494 2551 plurimum
504 2514 513 2546 3
541 2498 677 2553 opinio
704 2506 768 2539 est
787 2506 923 2538 autem
949 2513 1031 2538 non
1057 2497 1179 2538 modo
1206 2512 1276 2537 eos
1303 2496 1495 2538 virtutem

142 2558 293 2599 habere
318 2559 388 2611 qui
413 2559 604 2607 habeant,
633 2560 706 2600 sed
731 2575 800 2601 eos
828 2560 964 2606 etiam,
992 2559 1061 2612 qui
1086 2559 1238 2599 habere
1263 2559 1492 2599 videantur.

141 2620 277 2673 itaque
304 2635 407 2673 quos
432 2620 620 2673 ingenio,
659 2636 762 2674 quos
790 2621 993 2669 doctrina,
1033 2636 1136 2674 quos
1171 2620 1306 2661 studio
1332 2621 1494 2674 praedi—

140 2691 203 2723 tos
231 2682 370 2723 vident
395 2697 650 2736 quorumque
677 2684 802 2724 vitam
828 2690 1085 2724 constantem
1113 2690 1153 2723 et
1177 2683 1412 2738 probatam,
1450 2690 1492 2721 ut

1521 652 1552 675 75

1524 1270 1555 1294 Te

1527 1825 1557 1849 ῖῖ

1526 2456 1558 2479 'IS
