1859 3069
315 1350 364 1373 342

313 2028 363 2053 343

316 2524 365 2547 ³44

392 193 471 233 136
793 197 843 231 M.
869 195 1045 231 TULLH
1071 192 1334 228 CICERONIS

390 297 413 321 a
449 280 679 335 praeceptis
723 276 875 318 nostris
921 289 1179 315 secreveram
1242 271 1354 328 [sed]
1400 280 1440 314 ct
1476 273 1571 326 quia
1610 273 1736 313 multa

389 350 529 383 essent
565 340 793 382 orationum
830 352 985 391 genera
1015 344 1057 377 et
1086 335 1278 391 graviora
1309 344 1347 375 et
1378 334 1544 375 maioris
1582 334 1737 389 copiae,

390 404 440 444 de
466 403 614 455 quibus
640 414 761 441 nemo
787 399 874 439 fere
898 398 1167 453 praeciperet,
1194 405 1235 438 et
1259 397 1369 451 quod
1393 413 1468 438 nos
1495 396 1739 438 laudationi-

388 466 465 505 bus
490 480 573 505 non
608 463 665 502 ita
700 461 875 501 multum
910 461 971 501 uti
1011 460 1235 501 soleremus
1275 458 1425 514 [totum
1455 458 1565 499 hunc
1601 474 1739 513 segre—

388 527 538 580 gabam
558 523 735 578 locum];
756 523 836 578 ipsi
857 523 966 563 enim
987 521 1137 563 Gracci
1157 521 1290 576 magis
1311 521 1476 576 legendi
1502 529 1542 562 et
1562 521 1740 561 delecta-

389 587 510 628 tionis
537 594 607 626 aut
631 585 809 626 hominis
848 584 1019 625 alicuius
1058 583 1231 625 ornandi
1256 598 1380 636 quam
1405 582 1590 623 utilitatis
1616 582 1738 623 huius

388 648 564 690 forensis
591 662 718 688 causa
751 646 1010 688 laudationes
1049 645 1400 701 scriptitaverunt,
1439 660 1614 698 quorum
1646 651 1739 685 sunt

386 711 500 759 libri,
539 709 688 763 quibus
714 708 1039 757 Themistocles,
1076 707 1307 756 Aristides,
1344 707 1590 762 Agesilaus,
1627 706 1741 761 Epa-

387 772 619 819 minondas,
639 771 873 826 Philippus,
889 770 1131 811 Alexander
1151 769 1300 823 aliique
1318 769 1537 809 laudantur
1545 785 1555 818 ;
1574 776 1739 809 nostrae

387 834 666 882 laudationes,
704 833 853 886 quibus
878 832 921 872 in
947 833 1036 873 foro
1072 831 1244 881 utimur,
1282 838 1353 871 aut
1389 830 1612 871 testimonii
1649 830 1742 870 brc-

388 898 555 938 vitatcm
593 896 747 936 habent
781 895 936 935 nudam
972 903 1094 947 atque
1135 893 1367 935 inornatam
1403 901 1473 934 aut
1509 892 1741 933 seribtmtur

389 958 443 999 ad
477 958 695 999 funebrem
732 956 984 1006 contionem,
1023 971 1128 1009 quae
1162 955 1214 996 ad
1250 954 1445 997 orationis
1477 954 1641 995 laudem
1666 952 1742 993 mi-

388 1020 497 1061 nime
524 1019 840 1061 adcommodata
866 1026 947 1059 cst:
980 1018 1055 1059 sed
1080 1026 1231 1067 tamen,
1258 1017 1453 1070 quoniam
1478 1024 1518 1057 et
1542 1015 1740 1056 utendum

389 1082 629 1136 aliquando,
671 1097 754 1123 non
790 1096 1016 1134 numquam
1052 1080 1176 1121 etiam
1213 1079 1494 1127 scribendum,
1537 1078 1650 1118 velut
1686 1076 1739 1129 Q.

388 1144 600 1186 Tuberoni
618 1143 865 1184 Africanum
891 1142 1139 1183 avunculum
1164 1141 1349 1183 laudanti
1376 1140 1540 1196 scripsit
1559 1139 1609 1181 C.
1629 1139 1742 1180 Lae-

388 1207 487 1256 lius,
524 1206 639 1247 velut
662 1214 826 1247 nosmet
849 1205 929 1260 ipsi
965 1205 1139 1245 ornandi
1176 1219 1302 1245 causa
1327 1202 1583 1244 Graecorum
1612 1216 1739 1249 more,

390 1269 425 1309 si
450 1283 553 1322 quos
584 1268 780 1317 velimus,
818 1267 987 1308 laudare
1012 1281 1255 1321 possumus,
1295 1265 1347 1305 sit
1371 1280 1395 1305 a
1419 1263 1539 1305 nobis
1577 1277 1740 1317 quoque

390 1337 588 1371 tractatus
627 1329 694 1370 hic
730 1329 858 1370 locus.
919 1328 1183 1384 perspicuum
1215 1334 1278 1367 est
1312 1326 1437 1381 igitur
1468 1325 1548 1366 alia
1583 1339 1675 1366 esse
1699 1324 1742 1364 in

388 1393 553 1434 homine
573 1392 766 1447 optanda,
788 1391 868 1432 alia
886 1391 1112 1431 laudanda:
1138 1404 1285 1444 genus,
1311 1388 1457 1437 forma,
1483 1387 1605 1436 vires,
1626 1401 1739 1441 opes,

390 1454 557 1495 divitiae
589 1461 828 1507 ceteraque,
864 1467 968 1506 quae
994 1453 1161 1493 fortuna.
1186 1451 1257 1491 dat.
1286 1457 1357 1491 aut
1391 1449 1646 1490 extrinsecus
1673 1456 1741 1488 aut

388 1515 561 1570 corpori,
587 1531 671 1556 non
695 1515 849 1556 habent
868 1515 909 1555 in
935 1530 979 1555 se
1005 1529 1145 1555 veram
1166 1513 1344 1561 laudem,
1371 1526 1475 1565 quae
1497 1510 1637 1552 deberi
1661 1509 1742 1551 vir-

389 1578 465 1618 tuti
484 1577 554 1617 uni
572 1584 755 1632 putatum
785 1577 859 1617 sed
883 1585 1033 1625 tamen,
1060 1576 1171 1630 quod
1194 1575 1286 1630 ipsa
1306 1574 1435 1615 virtus
1456 1573 1499 1614 in
1517 1588 1658 1614 earum
1678 1586 1741 1612 re-

388 1654 481 1680 rum
516 1653 595 1679 usu
620 1653 667 1679 ac
691 1638 974 1680 moderatione
1011 1637 1190 1678 maxime
1226 1636 1423 1685 cernitur,
1461 1635 1676 1676 tractanda
1699 1634 1741 1674 in

388 1700 695 1741 laudationibus
729 1699 852 1740 etiam
884 1699 987 1739 haec
1014 1706 1107 1739 sunt
1144 1706 1314 1739 naturae
1341 1706 1382 1738 ct
1405 1698 1594 1738 fortunae
1618 1697 1740 1744 bona,

388 1763 431 1803 in
457 1763 606 1816 quibus
644 1768 708 1802 cst
738 1776 899 1801 summa
924 1761 1013 1801 laus
1039 1776 1122 1800 non
1159 1760 1355 1801 extulisse
1382 1774 1426 1800 se
1451 1758 1493 1798 in
1523 1766 1740 1813 potestate,

388 1839 472 1865 non
496 1823 625 1865 fuisse
651 1823 898 1864 insolentem
922 1822 964 1862 in
988 1822 1177 1877 pecunia,
1203 1836 1286 1862 non
1312 1836 1355 1861 se
1379 1819 1625 1875 praetulisse
1651 1819 1740 1859 aliis

387 1894 556 1941 propter
593 1885 888 1926 abundantiam
931 1885 1141 1933 fortunae,
1184 1891 1230 1924 ut
1266 1898 1365 1938 opes
1404 1890 1444 1923 et
1479 1882 1622 1937 copiae
1659 1896 1742 1922 non

389 1948 606 2003 superbiae
642 1947 861 1988 videantur
887 1961 934 1987 ac
958 1946 1136 1994 libidini,
1175 1945 1249 1986 sed
1272 1944 1445 1985 bonitati
1471 1958 1518 1985 ac
1554 1943 1742 1985 modera-

388 2009 489 2051 tioni
513 2009 752 2050 facultatem
777 2017 818 2050 et
842 2008 1058 2049 materiam
1082 2007 1247 2048 dedisse
1257 2023 1266 2056 ;
1299 2007 1428 2047 virtus
1455 2013 1610 2055 autem,
1637 2020 1741 2059 quac

389 2079 452 2113 est
475 2086 549 2126 per
575 2086 618 2111 se
643 2071 735 2126 ipsa
758 2070 977 2111 laudabilis
1003 2076 1043 2110 ct
1069 2069 1156 2109 sine
1183 2083 1263 2122 qua
1283 2068 1384 2109 nihil
1408 2068 1568 2109 laudari
1591 2074 1741 2122 potest,

388 2142 526 2174 tamen
551 2133 674 2174 habet
710 2133 838 2188 pluris
876 2132 1023 2187 partis,
1062 2146 1235 2185 quarum
1272 2131 1351 2171 alia
1375 2137 1439 2171 est
1463 2129 1543 2170 alia
1579 2129 1631 2170 ad
1656 2129 1743 2169 lau-

390 2196 598 2236 dationem
624 2194 774 2250 aptior;
814 2203 910 2236 sunt
934 2194 1043 2235 enim
1069 2194 1172 2234 aliae
1197 2193 1389 2241 virtutes,
1422 2206 1526 2245 quae
1552 2191 1742 2231 videntur

388 2257 431 2298 in
455 2257 638 2298 moribus
664 2256 877 2298 homiuum
902 2263 942 2296 ct
967 2255 1145 2309 quadam
1182 2254 1372 2296 comitate
1399 2268 1446 2294 ac
1470 2252 1743 2294 beneficentia

388 2319 566 2374 positae;
605 2319 726 2368 aliae,
760 2333 864 2372 quae
889 2318 932 2358 in
955 2317 1111 2372 ingenii
1137 2317 1274 2370 aliqua
1298 2316 1492 2356 facultate
1520 2323 1590 2355 aut
1615 2313 1739 2354 animi

388 2381 672 2436 magnitudine
698 2395 744 2421 ac
769 2382 935 2429 robore;
967 2395 1063 2420 nam
1088 2379 1324 2427 clementia,
1349 2377 1521 2425 iustitia,
1553 2375 1742 2431 benigni-

390 2451 472 2491 tas,
498 2443 620 2492 fides,
654 2443 851 2484 fortitudo
878 2443 918 2482 in
943 2442 1136 2497 periculis
1162 2441 1449 2482 communibus
1474 2440 1654 2480 iucunda
1679 2446 1742 2479 est

391 2505 533 2545 auditu
568 2505 610 2546 in
646 2505 972 2555 laudationibus3
1010 2519 1153 2545 omnes
1191 2503 1300 2545 enim
1336 2503 1413 2543 hae
1451 2502 1622 2542 virtutes
1658 2516 1739 2541 non

390 2577 474 2607 tam
498 2567 613 2622 ipsis,
641 2567 710 2620 qui
735 2582 805 2608 eas
831 2567 998 2616 habent,
1025 2581 1147 2620 quam
1166 2565 1308 2621 generi
1328 2564 1540 2605 homiuum
1560 2564 1740 2603 fructuo-

392 2643 461 2669 sae
497 2636 711 2683 putantur3
755 2628 956 2684 sapientia
993 2637 1031 2670 et
1068 2628 1310 2682 magnitudo
1354 2625 1495 2675 animi,
1537 2640 1619 2678 qua
1653 2638 1740 2664 om-

393 2705 464 2730 nes
496 2705 561 2729 res
599 2691 803 2731 humanae
841 2697 985 2732 tenues
1024 2705 1072 2731 ac
1106 2705 1181 2745 pro
1211 2689 1339 2730 nihilo
1374 2695 1586 2742 putantur,
1623 2692 1661 2725 ct
1698 2684 1738 2724 in
