1859 3069
339 513 388 536 312

336 1066 385 1090 313

334 1622 383 1645 :314

332 1996 381 2020 315

340 2236 382 2269 78

332 2550 382 2574 31ss

417 221 496 262 130
821 225 869 258 Μ.
896 223 1074 259 TULLII
1099 222 1362 257 CICERONIS

414 306 731 361 commovendo]
770 304 988 360 proficiunt
1024 302 1265 359 plurimum,
1303 317 1553 356 quamquam
1583 305 1761 346 maxime

412 372 603 426 proprius
630 376 693 409 est.
717 368 831 407 100115
858 373 899 406 et
923 366 965 406 in
995 365 1248 407 exordiendo
1274 373 1314 406 et
1338 365 1380 406 in
1403 367 1653 421 perorando,
1691 368 1761 408 dc-

412 433 529 487 gredi
555 440 693 472 tamen
719 430 770 470 ab
796 443 863 478 eo,
890 428 1002 481 quod
1026 427 1290 483 proposueris
1311 435 1433 481 atque
1459 444 1573 483 agas,
1598 444 1762 484 permo-

415 495 643 535 vendorum
669 492 901 532 animorum
926 504 1053 531 causa
1084 505 1207 544 saepe
1232 490 1330 530 utile
1357 498 1418 530 est
1428 507 1437 539 ;
1464 490 1602 544 itaque
1628 492 1693 532 vel
1717 506 1761 532 re

412 562 578 596 narrata
602 562 641 595 ct
667 553 857 608 exposita
882 567 1006 607 saepe
1032 552 1151 593 datur
1176 552 1228 592 ad
1253 553 1574 593 commovendos
1601 553 1759 593 animos

413 616 683 671 degrediendi
708 616 844 664 100115,
871 615 937 655 vel
963 614 1215 669 argumentis
1241 614 1393 655 nostris
1420 615 1669 655 confirmatis
1696 615 1759 656 vel

411 678 625 719 contrariis
651 678 841 719 refutatis
860 677 927 717 vel
948 685 1120 730 utroque
1145 677 1235 717 loco
1261 677 1326 717 vel
1347 677 1551 726 omnibus,
1579 677 1613 718 si
1637 677 1760 718 habet

412 756 504 781 eam
529 755 655 781 causa
680 740 924 795 dignitatem
950 747 1072 792 atque
1093 739 1266 793 copiam,
1291 747 1402 779 recte
1427 739 1470 778 id
1492 739 1581 779 fieri
1605 747 1741 794 potest
1749 755 1759 788 ;

412 817 568 857 eaeque
594 817 744 843 causae
770 810 867 843 sunt
892 802 944 842 ad
975 801 1182 856 agendum
1208 810 1247 841 et
1272 801 1325 841 ad
1349 801 1579 842 ornandum
1603 801 1762 856 gravis-

412 865 541 906 simae
567 873 689 919 atque
715 865 1000 920 plenissimae,
1039 878 1143 917 quae
1182 863 1381 919 plurimos
1420 863 1553 904 exitus
1586 864 1685 904 dant
1710 864 1761 904 ad

410 929 497 968 eius
534 928 647 968 modi
685 927 1015 982 degi-essioncnn
1053 933 1100 967 ut
1129 926 1187 966 eis
1218 926 1318 966 locis
1344 926 1403 965 uti
1434 926 1573 975 liceat,
1612 926 1760 979 quibus

412 989 641 1030 animorum
673 989 851 1044 impetus
879 994 1040 1037 eorum,
1079 988 1148 1041 qui
1179 988 1367 1035 audiunt,
1407 996 1477 1028 aut
1500 988 1762 1043 impellantur

411 1058 481 1091 aut
521 1051 797 1092 reflectantur.
871 1059 993 1104 atque
1031 1050 1154 1091 etiam
1190 1050 1232 1090 in
1266 1050 1336 1091 illo
1378 1050 1635 1105 reprehendo
1675 1065 1759 1099 005,

410 1113 492 1165 qui,
520 1128 624 1166 quae
650 1113 818 1153 minime
843 1113 961 1153 firma
987 1120 1095 1161 sunt,
1122 1127 1171 1152 ea
1195 1112 1327 1167 prima
1354 1112 1588 1161 conlocant3
1613 1112 1656 1152 in
1681 1126 1760 1165 quo

408 1175 500 1216 illos
528 1190 691 1228 quoque
718 1190 853 1216 errare
885 1175 1078 1224 arbitror,
1117 1174 1205 1227 qui,
1245 1174 1279 1214 si
1309 1174 1474 1226 quando
1498 1174 1619 1213 —id
1651 1174 1761 1226 quod

408 1236 508 1277 mihi
544 1252 771 1291 numquam
800 1237 955 1292 placuit
979 1261 1035 1266 —
1068 1236 1198 1292 pluris
1232 1236 1428 1276 adhibent
1464 1242 1679 1290 patronos,
1717 1244 1761 1275 ut

409 1298 451 1338 in
477 1313 640 1352 quoque
666 1314 808 1340 eorum
832 1299 1048 1339 minimum
1073 1306 1219 1354 putant
1246 1313 1357 1346 0550,
1383 1298 1440 1338 ita
1465 1312 1558 1338 011111
1584 1297 1760 1352 primum

409 1360 553 1401 volunt
578 1361 733 1402 dicere:
758 1376 824 1401 res
851 1361 961 1401 enim
985 1361 1063 1401 1100
1088 1361 1283 1415 postulat,
1309 1367 1354 1399 ut
1379 1374 1520 1400 eorum
1547 1367 1761 1414 exspecta-

409 1421 528 1471 tioni,
567 1422 635 1475 qui
672 1422 863 1471 audiunt,
902 1436 1026 1475 quam
1063 1421 1274 1462 celerrime
1314 1428 1591 1470 succurratur3
1631 1420 1695 1461 cui
1727 1420 1760 1460 si

408 1482 523 1523 initio
551 1483 809 1524 satisfactum
834 1498 918 1524 non
944 1483 1015 1533 sit,
1039 1483 1169 1524 multo
1193 1483 1286 1538 plus
1314 1483 1365 1523 sit
1389 1483 1431 1522 in
1455 1483 1613 1536 reliqna
1637 1496 1762 1523 causa

407 1543 698 1594 laborandum,
734 1545 842 1585 male
874 1545 984 1586 enim
1010 1559 1054 1586 se
1084 1560 1150 1586 res
1189 1545 1331 1594 habet,
1370 1559 1475 1598 quae
1500 1559 1583 1585 non
1609 1544 1759 1589 statim,

408 1613 453 1646 ut
477 1607 557 1646 dici
583 1615 730 1662 coepta
755 1615 835 1655 est,
872 1607 1018 1648 melior
1047 1607 1136 1647 fieri
1170 1607 1346 1647 videtur.
1406 1621 1505 1661 ergo
1531 1614 1576 1646 ut
1604 1606 1647 1646 in
1671 1620 1761 1646 ora-

408 1675 495 1708 tore
521 1669 702 1723 optimus
728 1669 921 1722 quisque,
960 1670 1019 1708 510
1043 1669 1086 1709 111
1111 1669 1295 1709 oratione
1325 1668 1607 1708 firmissimum
1632 1668 1761 1721 quod-

408 1745 486 1784 que
512 1731 565 1771 sit
599 1732 779 1786 primum
790 1747 799 1779 3
839 1731 938 1771 dum
963 1731 1065 1771 illud
1101 1738 1241 1772 tamen
1270 1731 1312 1771 in
1349 1738 1522 1783 utroque
1559 1738 1759 1777 teneatur,

407 1800 453 1832 ut
477 1807 544 1842 ea,
582 1807 687 1846 quae
713 1793 934 1841 excellent,
973 1800 1188 1833 serventur
1225 1793 1348 1833 etiam
1374 1793 1427 1833 ad
1462 1792 1759 1846 perorandum3

408 1854 443 1894 si
467 1869 549 1907 qua
573 1863 692 1895 erunt
715 1854 956 1903 mediocria,
983 1869 1079 1894 nam
1105 1854 1264 1894 vitiosis
1290 1869 1495 1907 nusquam
1522 1868 1613 1894 0550
1640 1869 1761 1907 opor-

408 1923 466 1956 tet
489 1916 643 1966 10011111,
680 1916 724 1956 111
758 1916 938 1956 mediam
968 1916 1131 1956 turbam
1156 1923 1278 1968 atque
1303 1915 1345 1955 in
1376 1930 1547 1970 gregem
1584 1915 1760 1955 coician-

408 1984 485 2019 tur.
546 1977 659 2018 hisee
691 1978 884 2019 omnibus
914 1978 1041 2018 rebus
1080 1977 1351 2018 consideratis
1390 1986 1476 2018 tum
1503 1977 1678 2030 denique
1703 1976 1758 2025 id,

407 2039 518 2093 quod
541 2040 722 2094 primum
747 2047 810 2080 est
835 2039 1076 2088 dicendum,
1115 2048 1373 2094 postremum
1412 2039 1524 2080 50100
1563 2038 1757 2093 cogitare,

406 2116 487 2155 quo
524 2110 616 2142 utar
652 2101 835 2142 exordio.
895 2116 992 2141 nam
1023 2100 1058 2141 si
1094 2101 1258 2154 quando
1289 2101 1331 2141 id
1361 2100 1539 2155 primum
1575 2099 1758 2140 invenire

406 2163 536 2211 volui,
563 2163 721 2203 nullum
745 2163 846 2203 mihi
871 2163 1048 2204 occurrit
1070 2163 1150 2203 nisi
1176 2170 1247 2203 aut
1271 2163 1376 2204 exile
1403 2171 1473 2203 aut
1496 2162 1758 2217 nugatorium

408 2233 477 2266 aut
502 2225 672 2279 volgare
699 2232 769 2266 aut
794 2240 1024 2266 commune.
1074 2225 1276 2280 principia
1301 2232 1438 2266 autem
1464 2225 1626 2265 dicendi
1652 2239 1758 2265 sem-

404 2302 478 2342 per
515 2301 609 2328 cuin
646 2287 844 2328 adcurata
868 2295 908 2328 et
945 2294 1066 2328 acuta
1091 2294 1131 2327 ct
1155 2286 1356 2328 instructa
1391 2287 1625 2336 sententiis,
1663 2293 1758 2341 apta

406 2349 562 2398 verbis,
601 2356 688 2389 tum
714 2364 812 2390 vero
844 2363 1063 2390 causarum
1099 2349 1268 2404 propria
1299 2364 1391 2390 0550
1418 2350 1588 2397 debent3
1624 2349 1756 2403 prima.

406 2419 470 2450 est
493 2411 603 2451 enim
640 2410 759 2463 quasi
796 2411 977 2465 cognitio
1004 2418 1044 2451 et
1069 2411 1371 2451 commendatio
1407 2418 1549 2452 nostra
1573 2410 1615 2449 in
1645 2409 1757 2464 prin-

406 2472 529 2527 cipio,
568 2487 756 2526 quaeque
784 2473 978 2513 continuo
1005 2487 1116 2521 eum,
1155 2473 1223 2525 qui
1247 2473 1379 2521 audit,
1415 2472 1670 2527 permulcere
1696 2480 1756 2511 at-

407 2548 486 2586 que
523 2534 700 2575 adlicere
738 2534 859 2575 debet
870 2551 880 2584 3
916 2534 959 2575 in
984 2549 1065 2588 quo
1091 2534 1283 2575 admirari
1310 2534 1422 2575 solco
1447 2549 1531 2575 non
1566 2533 1774 2587 equidem-

405 2595 526 2644 istos,
566 2596 635 2649 qui
658 2596 815 2637 nullam
854 2596 949 2636 huie
972 2596 1033 2637 rei
1057 2611 1226 2651 operam
1264 2597 1483 2643 dederunt,
1522 2595 1596 2636 sed
1625 2594 1756 2634 1101111-

405 2671 501 2696 nem
524 2657 567 2696 in
590 2657 734 2711 primis
761 2657 959 2698 disertum
985 2665 1106 2710 atque
1134 2658 1357 2705 eruditum,
1389 2657 1647 2711 Philippum,
1685 2654 1754 2707 qui

405 2717 464 2757 ita
488 2718 593 2758 solet
617 2733 787 2772 surgere
813 2719 865 2759 ad
890 2719 1128 2768 dicendum,
1165 2726 1210 2759 ut
1236 2719 1345 2772 quod
1370 2719 1546 2773 primum
1583 2717 1754 2757 verbum
