1859 3069
570 210 778 247 ORATOR
804 211 961 246 25-33.
1358 203 1440 244 283

91 295 237 336 dicere.
298 300 452 342 errant,
480 293 591 346 quod
616 293 768 342 solum,
795 293 905 346 quod
929 292 1089 342 Attice,
1115 307 1199 333 non
1223 291 1441 332 falluntur:
1461 310 1493 333 ρο

90 357 262 398 istorum
287 355 395 395 enim
420 355 590 405 iudicio,
622 355 656 396 si
683 355 816 397 solum
840 355 942 395 illud
966 362 1030 396 cst
1053 354 1260 404 Atticum,
1286 369 1337 395 ne
1362 354 1443 395 Pe-

88 418 208 459 ricles
241 417 407 470 quidem
439 417 540 458 dixit
564 417 726 467 Attice,
764 417 829 458 cui
860 417 1017 472 primae
1043 417 1131 458 sine
1162 416 1443 458 controversia

90 480 381 520 deferebantur
389 496 399 529 3
438 479 509 532 qui
534 479 569 520 si
593 479 706 520 tenui
730 494 882 533 genere
907 486 1108 528 uteretur,
1139 493 1364 532 numquam
1390 478 1442 518 ab

88 540 373 596 Aristophane
398 545 522 595 po'e'ta
546 541 726 595 fulgere,
753 548 914 590 tonare,
944 540 1194 596 permiscere
1222 539 1442 582 Graeciam

90 604 222 644 dictus
245 610 367 644 esset.
406 603 516 643 dicat
533 603 659 658 igitur
678 603 820 644 Attice
840 602 1160 643 venustissimus
1179 602 1247 642 ille
1268 601 1443 655 scriptor

89 679 136 706 ac
160 664 431 720 politissimus
457 665 625 719 Lysias,
652 664 744 717 quis
771 664 879 705 enim
903 664 946 704 id
969 664 1103 719 possit
1127 664 1306 718 negare?
1343 663 1442 702 dum

87 727 376 781 intellegamus
402 727 481 768 hoc
506 741 598 767 esse
618 726 807 767 Atticum
830 726 871 766 in
892 726 1037 780 Lysia,
1062 741 1147 767 non
1171 725 1282 779 quod
1306 724 1441 766 tenuis

89 789 142 830 sit
167 796 288 841 atque
325 788 559 837 inornatus,
598 787 672 828 sed
697 788 806 840 quod
839 787 940 827 nihil
970 787 1122 828 habeat
1157 787 1340 828 insolens
1373 793 1444 826 aut

85 850 289 905 ineptum,
328 856 470 891 ornate
506 864 604 890 vero
636 856 678 890 et
707 849 889 903 graviter
919 856 960 889 et
997 849 1163 903 copiose
1200 849 1335 889 dicere
1373 855 1442 888 aut

84 912 322 953 Atticorum
359 911 412 952 sit
449 918 519 951 aut
553 925 605 951 ne
643 910 696 951 sit
725 910 961 951 Aeschines
991 924 1098 950 neve
1129 909 1440 950 Demosthenes

85 973 266 1014 Atticus.
315 986 409 1013 ecce
436 979 573 1012 autem
599 971 725 1025 aliqui
751 986 795 1013 se
816 971 1101 1025 Thucydidios
1128 985 1220 1012 esse
1245 971 1442 1025 profiten-
1460 988 1493 1012 30

85 1043 168 1084 tur,
199 1049 355 1075 novum
380 1033 588 1087 quoddam
616 1031 936 1088 [imperitorum]
965 1040 1005 1074 et
1029 1033 1260 1073 inauditum
1286 1047 1439 1087 genus3

85 1112 181 1138 nam
217 1096 286 1149 qui
329 1095 506 1150 Lysiam
545 1103 790 1148 sequuntur,
834 1095 1090 1136 causidicum
1128 1095 1336 1148 quendam
1374 1109 1439 1135 se-

86 1164 277 1211 quuntur,
303 1172 387 1198 non
410 1157 526 1197 illum
551 1157 719 1211 quidem
744 1157 927 1212 amplum
953 1164 1077 1211 atque
1102 1157 1317 1212 grandem,
1344 1156 1442 1196 sub-

85 1220 199 1261 tilem
235 1228 276 1261 et
311 1220 546 1275 elegantem
589 1228 728 1262 tamen
764 1228 805 1260 et
841 1220 911 1273 qui
947 1220 989 1261 in
1025 1220 1261 1261 forensibus
1304 1219 1440 1260 causis

83 1281 217 1336 possit
241 1282 451 1336 praeclare
477 1282 722 1332 consisterc3
749 1282 1018 1336 Thucydides
1045 1289 1183 1323 autem
1207 1296 1273 1322 res
1300 1289 1440 1336 gestas

85 1351 126 1383 ct
155 1343 264 1384 bella
299 1350 439 1384 narrat
475 1351 515 1384 et
549 1344 725 1399 proelia,
762 1344 944 1400 graviter
980 1359 1080 1385 sane
1113 1351 1153 1385 et
1180 1344 1329 1398 probe,
1368 1343 1443 1384 scd

84 1405 186 1445 nihil
212 1406 264 1445 ab
290 1420 338 1446 eo
365 1406 579 1447 transferri
608 1413 748 1461 potest
772 1406 824 1447 ad
849 1407 1059 1448 forensem
1088 1421 1211 1446 usum
1238 1413 1278 1446 ct
1306 1405 1442 1460 publi—

85 1481 197 1507 cum:
235 1467 351 1522 ipsae
385 1467 479 1509 illae
517 1468 730 1510 contiones
768 1468 826 1508 ita
860 1468 1012 1509 multas
1050 1468 1205 1509 habent
1241 1468 1439 1508 obscuras

84 1529 328 1583 abditasque
361 1530 606 1579 sententias,
645 1530 715 1571 vix
746 1537 791 1571 ut
820 1530 1131 1585 intellegantur3
1170 1529 1282 1582 quod
1312 1528 1441 1569 estin

84 1591 268 1631 oratione
295 1591 404 1631 civili
435 1591 581 1632 vitium
606 1592 672 1633 vcl
703 1592 943 1633 maximum.
1005 1606 1110 1645 quae
1142 1598 1206 1632 est
1236 1597 1374 1631 autem
1398 1590 1440 1630 in
1459 1606 1490 1630 31

85 1652 319 1693 hominibus
346 1660 461 1694 tanta
484 1653 756 1708 perversitas,
788 1661 832 1694 ut
858 1653 1037 1694 inventis
1071 1652 1262 1707 frugibus
1288 1652 1440 1706 glande

84 1715 329 1754 vescantur?
368 1730 419 1754 an
455 1715 588 1756 victus
626 1715 839 1756 hominum
875 1714 1201 1756 Atheniensium
1235 1713 1439 1755 beneficio

84 1775 216 1816 excoli
256 1776 410 1830 potuit,
455 1777 585 1818 oratio
621 1792 705 1818 non
746 1777 903 1832 potuit?
945 1777 1037 1830 quis
1079 1791 1201 1832 porro
1243 1791 1441 1829 umquam

86 1836 342 1879 Graecorum
372 1837 585 1880 rhetorum
616 1855 640 1879 a
664 1839 913 1894 Thucydide
951 1839 1172 1892 quicquam
1203 1839 1343 1879 duxit?
1381 1842 1442 1879 ‘at

84 1898 276 1940 laudatus
309 1907 373 1941 est
404 1901 455 1941 ab
487 1900 706 1942 omnibus.’
767 1902 919 1951 fatcor3
954 1902 1028 1942 sed
1053 1901 1110 1942 ita
1133 1908 1179 1941 ut.
1208 1915 1346 1941 rerum
1370 1915 1442 1940 ex-

83 1960 256 2015 plicator
279 1961 475 2015 prudens,
503 1977 687 2011 severus,
713 1964 871 2017 gravis3
901 1962 1003 2017 [non
1028 1970 1073 2003 ut
1096 1962 1138 2002 in
1162 1962 1324 2002 iudiciis
1350 1977 1441 2002 ver-

85 2030 194 2063 saret
225 2036 393 2072 causas,
437 2024 512 2064 sed
542 2031 588 2064 ut
617 2025 660 2065 in
690 2025 872 2066 historiis
898 2025 1008 2066 bella
1038 2031 1242 2072 narraret,
1280 2022 1437 2078 itaque]

82 2099 309 2137 numquam
334 2092 398 2126 est
421 2094 661 2127 numeratus
693 2095 850 2137 orator3
887 2101 965 2128 nec
997 2102 1114 2135 vcro,
1157 2086 1192 2127 si
1223 2085 1437 2126 historiam
1457 2101 1490 2125 32

83 2162 166 2186 non
205 2146 458 2200 scripsisset,
501 2163 653 2189 nomen
691 2149 778 2190 eius
817 2156 1017 2198 exstaret,
1062 2163 1156 2189 cum
1196 2147 1439 2203 praesertim

83 2208 233 2248 suisset
269 2208 494 2251 honoratus
527 2218 568 2252 et
603 2211 768 2252 nobilis.
828 2211 950 2252 huius
989 2218 1128 2251 tamen
1152 2224 1274 2250 nemo
1305 2224 1438 2261 neque

83 2270 302 2311 vorborum
333 2285 468 2325 neque
501 2273 798 2314 sententiarum
829 2273 1077 2328 gravitatem
1113 2272 1313 2320 imitatur3
1351 2271 1437 2320 sed,

84 2346 177 2372 cum
202 2332 348 2373 mutila
372 2334 575 2386 quaedam
601 2341 642 2376 et
665 2334 822 2376 hiantia
845 2335 971 2376 locuti
992 2342 1100 2383 sunt,
1128 2348 1233 2387 quae
1259 2333 1325 2374 vel
1351 2333 1440 2374 sinc

82 2393 282 2448 magistro
324 2394 461 2436 facere
509 2404 750 2450 potuerunt,
800 2412 1020 2451 germanos
1065 2411 1110 2436 se
1156 2401 1302 2450 putant
1346 2410 1438 2435 csse

83 2455 370 2509 Thucydidas,
429 2465 575 2499 nactus
603 2473 695 2498 sum
726 2458 869 2508 etiam,
909 2458 978 2512 qui
1002 2457 1299 2512 Xenophontis
1327 2456 1439 2497 simi-

83 2517 165 2557 lem
192 2532 285 2558 esse
312 2532 356 2558 se
383 2526 569 2573 cuperet,
608 2520 726 2561 cuius
753 2535 888 2561 sermo
925 2527 989 2561 est
1019 2520 1087 2560 ille
1124 2519 1291 2572 quidem
1316 2519 1437 2560 melle

86 2578 262 2627 dulcior,
291 2579 368 2619 sed
392 2595 416 2621 a
440 2580 597 2621 forensi
622 2581 796 2636 strepitu
819 2581 1135 2622 remotissimus.

160 2641 411 2682 Rcferamus
449 2657 525 2683 nos
562 2642 687 2697 igitur
724 2643 776 2683 ad
813 2659 926 2693 cum,
971 2658 1091 2697 quem
1128 2642 1337 2692 volumus,
1374 2642 1435 2682 in-
1457 2658 1489 2682 33

89 2701 323 2743 choandum
349 2710 387 2744 et
415 2718 463 2745 ea
489 2703 656 2757 quidem
688 2705 921 2758 eloquentia
950 2705 1274 2753 informandum,
1311 2718 1434 2757 quam
