1859 3069
400 266 468 302 DE
495 265 735 302 oRA‘rORE
760 265 809 300 11.
836 264 1037 300 241-249.
1313 254 1396 298 115

49 351 163 394 sillus
189 350 306 392 testis
330 349 546 405 processit.
608 347 738 388 ‘licet’
764 346 896 400 inquit
921 345 1129 401 ‘rogare?'
1160 345 1395 402 Philippus.

49 422 136 455 tum
167 411 375 466 quaesitor
404 425 631 467 properans
670 409 811 450 ‘modo
837 408 1040 450 breviter.'
1099 409 1166 450 hic
1189 408 1257 450 ille
1295 413 1397 450 ‘non

49 474 281 518 accusabis:
323 473 594 528 perpusillum
629 470 813 526 rogabo,⁹
871 470 1055 512 ridicule.
1116 470 1190 512 sed
1227 470 1398 512 sedebat

49 538 174 578 iudex
199 536 253 576 L.
279 535 459 575 Aurifex
483 533 648 575 brevior
672 533 761 588 ipse
786 547 910 587 quam
941 532 1057 574 testis
1084 532 1225 574 etiam:
1263 532 1398 574 omnis

50 607 113 640 est
137 598 244 638 risus
270 597 312 637 in
336 596 514 636 iudicem
539 610 783 644 conversus3
822 594 957 635 visum
981 600 1045 635 est
1069 601 1198 635 totum
1230 594 1398 636 scurrile

54 658 324 714 [ridiculum]
385 672 484 713 ergo
521 657 642 706 haec,
681 671 785 710 quae
823 656 969 697 cadere
1004 664 1181 712 possunt
1216 656 1259 697 in
1294 671 1398 711 quos

50 722 177 771 nolis,
215 719 402 774 quamvis
430 719 511 760 sint
534 719 660 768 bella,
700 726 796 759 sunt
826 725 964 760 tamen
988 718 1079 773 ipso
1110 733 1262 774 genere
1288 733 1402 760 scur-

52 784 161 834 rilia;
213 792 259 824 ut
282 783 379 831 iste,
405 782 473 835 qui
500 796 543 822 se
568 781 654 822 volt
678 781 860 822 dicacem
886 788 927 822 et
949 781 1184 822 mehercule
1209 788 1286 831 est,
1309 782 1402 837 Ap·
1424 800 1476 825 246

53 846 166 901 pius,
207 845 280 886 sed
305 860 388 885 non
412 858 637 896 numquam
661 843 703 883 in
728 842 806 884 hoc
831 843 976 883 vitium
1005 842 1211 899 [scurrile]
1245 843 1401 885 delabi-

54 916 131 948 tur.
182 906 376 947 ‘cenabo’
402 905 535 958 inquit
561 904 690 959 ‘apud
715 905 785 954 te,'
818 905 912 945 huic
937 905 1053 946 lusco
1078 905 1269 946 familiari
1294 920 1400 955 meo,

54 969 103 1011 C.
133 967 276 1010 Sextio
303 968 392 1008 ‘uni
418 968 526 1009 enim
549 967 686 1008 locum
711 982 804 1008 esse
830 967 976 1008 video!
1026 974 1090 1009 est
1113 967 1192 1008 hoc
1217 967 1399 1016 scurrile,

53 1040 94 1072 et
130 1031 240 1085 quod
276 1030 363 1071 sine
400 1044 526 1071 eausa
559 1029 770 1070 lacessivit
806 1038 846 1070 ct
883 1038 1021 1071 tamen
1055 1029 1099 1070 id
1134 1030 1253 1079 dixit,
1292 1029 1403 1083 quod

52 1093 93 1134 in
130 1092 262 1134 omnis
286 1092 425 1133 luscos
464 1092 720 1141 conveniret3
757 1107 823 1141 ca,
861 1092 962 1145 quia·
987 1092 1184 1133 meditata
1206 1099 1401 1147 putantur

51 1169 164 1203 esse,
201 1154 335 1194 minus
372 1154 573 1194 ridentur:
611 1153 712 1193 illud
748 1153 963 1208 egregium
989 1151 1121 1194 Sextii
1147 1161 1188 1194 ct
1218 1168 1270 1194 ex
1300 1160 1403 1195 tem-

52 1230 151 1271 pore
178 1220 342 1256 ‘manus
369 1215 479 1255 lava’
512 1214 644 1268 inquit
674 1219 734 1256 ‘et
765 1215 891 1256 cena.9
952 1214 1148 1270 temporis
1179 1215 1303 1269 igitur
1337 1230 1402 1256 ra·
1426 1234 1474 1259 247

53 1277 109 1318 tio
136 1284 175 1317 et
211 1277 341 1331 ipsius
378 1276 604 1317 dicacitatis
635 1276 862 1318 moderatio
900 1283 940 1318 et
975 1276 1246 1332 temperantia
1275 1283 1316 1318 et
1337 1292 1403 1318 ra-

53 1339 152 1380 ritas
191 1339 393 1379 dictorum
435 1339 661 1394 distinguet
702 1345 907 1380 oratorem
944 1354 968 1380 a
1011 1352 1169 1388 scurra,
1213 1345 1254 1380 et
1293 1339 1404 1392 quod

54 1416 130 1441 nos
157 1414 250 1440 cum
288 1414 415 1441 causa
452 1400 644 1450 dicimus,
687 1415 771 1441 non
795 1408 840 1441 ut
874 1400 1036 1441 ridiculi
1060 1400 1291 1450 videamur,
1330 1400 1404 1441 sed

54 1469 100 1502 ut
136 1461 397 1516 proficiamus
441 1461 611 1515 aliquid,
655 1462 714 1502 illi
750 1469 881 1503 totum
918 1462 1026 1503 diem
1063 1469 1104 1504 et
1140 1461 1228 1503 sine
1264 1476 1402 1503 causa.

56 1523 155 1576 quid
192 1523 300 1563 enim
337 1530 400 1564 est
434 1523 625 1577 Vargula
665 1523 905 1574 adsecutus,
949 1538 1042 1564 cum
1078 1539 1173 1565 eum
1209 1523 1404 1565 candida-

56 1592 121 1625 tus
160 1585 214 1625 A.
249 1583 520 1639 Sempronius
557 1599 650 1625 cum
686 1585 749 1626 M.
788 1600 863 1627 suo
900 1586 1025 1627 fratre
1062 1586 1301 1641 complexus
1338 1601 1403 1627 es-

57 1654 119 1687 sct
145 1650 282 1700 ‘puer,
321 1646 441 1701 abige
466 1646 675 1687 muscas?’
712 1646 840 1687 risum
872 1647 1094 1700 quaesivit,
1132 1647 1201 1700 qui
1225 1655 1289 1689 est
1311 1662 1403 1688 mea

57 1707 260 1748 sententia
295 1708 361 1749 vel
398 1708 665 1749 tenuissimus
705 1708 861 1764 ingenii
897 1709 1068 1750 fructus.
1128 1716 1289 1764 tempus
1326 1709 1403 1764 igi-

55 1776 120 1809 tur
156 1769 319 1809 dicendi
360 1769 579 1824 prudentia
615 1778 655 1811 et
696 1770 899 1825 gravitate
939 1770 1262 1821 1n0derabimur;
1305 1785 1404 1824 qua-

54 1845 146 1871 rum
169 1831 326 1871 utinam
357 1839 486 1873 artem
516 1831 696 1887 aliquam
726 1832 992 1874 haberemus!
1038 1832 1113 1875 sed
1141 1832 1308 1874 domina
1331 1848 1404 1874 na-

56 1899 147 1932 tura
172 1900 247 1934 cst.

133 1954 254 1995 Nunc
278 1969 532 2010 exponamus
559 1971 713 2011 genera
736 1956 829 2012 ipsa
854 1956 1109 2007 summatim,
1146 1971 1252 2010 quae
1276 1956 1404 1997 risum
1428 1953 1479 2026 ‘23413

56 2015 234 2055 maxime
270 2025 475 2058 moveant.
535 2017 638 2058 haec
667 2018 792 2073 igitur
823 2018 876 2059 sit
904 2018 1038 2074 prima
1072 2019 1257 2074 partitio,
1295 2019 1406 2072 quod

57 2077 191 2117 facete
217 2077 394 2127 dicatur,
430 2079 473 2119 id
498 2079 599 2120 alias
625 2080 667 2120 in
691 2095 735 2121 re
761 2081 832 2122 Ῐιοο
856 2080 1028 2130 habere,
1065 2081 1165 2122 alias
1191 2081 1234 2121 in
1264 2081 1404 2131 verbo,

58 2138 217 2179 facetiis
246 2146 383 2180 autem
414 2140 600 2182 homines
637 2142 816 2183 maxime
853 2142 1066 2193 delectari,
1104 2143 1138 2184 si
1163 2143 1328 2196 quando
1352 2142 1406 2183 ri-

59 2214 129 2240 sus
162 2200 378 2242 coniuncte
408 2217 452 2243 re
490 2203 697 2257 verboque
733 2212 960 2246 moveatur.
1022 2205 1097 2246 sed
1120 2205 1198 2246 hoc
1222 2219 1406 2246 memen-

58 2269 161 2307 tote,
201 2277 481 2316 quoscumque
505 2264 618 2306 locos
651 2265 871 2321 attingam,
909 2267 1019 2308 unde
1049 2266 1223 2308 ridicula
1253 2267 1406 2308 ducan-

59 2329 141 2371 tur,
181 2338 232 2364 ex
257 2324 413 2365 eisdem
443 2325 544 2367 locis
577 2326 663 2368 fere
694 2327 819 2368 etiam
854 2329 993 2383 gravis
1031 2328 1256 2370 sententias
1280 2343 1405 2384 posse

59 2384 171 2425 duci:
210 2393 367 2426 tantum
403 2387 592 2438 interest,
629 2390 739 2442 quod
773 2391 956 2445 gravitas
993 2390 1178 2432 honestis
1208 2391 1252 2432 in
1280 2391 1404 2432 rebus

59 2452 100 2488 ct
126 2447 300 2497 severis,
337 2448 451 2490 iocus
476 2449 519 2490 in
543 2451 822 2505 turpiculis-et
847 2452 966 2506 quasi
997 2453 1251 2494 deformibus
1287 2453 1406 2508 poni-

59 2514 136 2558 tur,
153 2508 263 2549 vclut
283 2510 440 2551 eisdem
459 2512 596 2552 verbis
617 2519 657 2553 et
676 2513 843 2554 laudare
864 2513 973 2569 frugi
994 2529 1159 2555 servum
1178 2530 1403 2570 possumus

58 2578 111 2618 ct,
139 2570 172 2610 si
198 2578 260 2611 est
285 2587 474 2625 nequam,
501 2573 640 2616 iocari,
676 2575 894 2616 ridiculum
919 2584 983 2618 est
1005 2577 1108 2618 illud
1124 2577 1405 2619 NeronIanum

59 2639 176 2672 vetus
202 2633 244 2673 in
269 2633 399 2675 furaci
425 2650 564 2676 servo:
604 2636 738 2678 solum
762 2652 874 2688 esse,
901 2638 966 2679 cui
991 2639 1102 2680 domi
1124 2639 1226 2680 nihil
1252 2638 1304 2680 sit
1327 2653 1404 2680 nec

59 2693 323 2749 obsignatum
338 2711 413 2736 nec
428 2698 654 2748 occlusum,
670 2700 780 2752 quod
793 2700 902 2741 idem
921 2700 962 2740 in
975 2701 1083 2742 bono
1099 2716 1218 2743 servo
1238 2701 1317 2742 dici
1337 2716 1405 2742 so-

58 2754 111 2798 let
128 2755 220 2811 [scd
235 2758 331 2815 hoc]
348 2760 505 2801 eisdem
519 2762 655 2804 verbis
663 2779 675 2812 3
695 2777 747 2804 ex
766 2762 923 2805 eisdem
944 2771 1082 2806 autem
1100 2764 1202 2807 locis
1224 2779 1403 2807 nascun-
1427 2781 1476 2806 249

1130 2832 1175 2864 8*
