1859 3069
282 779 330 803 333

358 243 440 284 276
762 250 813 283 Μ.
839 247 1011 283 TULLII
1036 246 1300 283 CICERONIS

358 333 399 373 iu
436 332 543 372 hunc
587 343 839 377 sermonem,
876 328 998 368 turba
1031 333 1312 381 patronorum.
1384 343 1460 370 nec
1495 328 1603 370 enim
1641 329 1711 369 ‹le-

359 401 421 434 cet
448 400 487 433 te
513 399 703 433 ornatum
722 389 940 430 uberrimis
961 388 1132 438 artibus,
1159 403 1261 442 quas
1283 403 1376 430 cum
1400 390 1523 431 domo
1548 390 1709 431 haurire

356 470 439 494 non
464 466 624 507 posses,
651 450 905 491 arcessivisti
930 464 982 490 ex
1006 450 1107 490 urbe
1133 464 1195 498 ea,
1221 464 1326 503 quae
1348 451 1494 491 domus
1520 459 1583 492 est
1604 466 1710 492 sem-

355 529 429 569 per
464 514 605 554 habita
629 512 856 561 doctrinae,
901 511 1108 553 numerari
1143 511 1186 552 in
1220 512 1345 567 volgo
1390 511 1708 567 [patronorum]

354 589 452 615 nam
483 574 581 627 quid
611 581 651 614 te
683 573 866 614 exercuit
895 573 1146 614 Pammenes
1178 572 1241 613 vir
1269 573 1393 628 longe
1425 573 1709 626 eloquentissi-

355 651 447 676 mus
464 634 691 676 Graeciae?
716 635 815 689 quid
838 635 910 675 illa
932 642 1052 676 vetus
1072 635 1304 676 Academia
1329 644 1451 689 atque
1477 635 1564 676 eius
1590 635 1709 676 heres

354 697 525 738 Aristus
569 697 722 751 hospes
760 704 801 738 et
836 696 1051 737 familiaris
1093 712 1231 746 meus,
1275 697 1310 738 si
1346 698 1513 751 quidem
1556 697 1709 737 similes

357 759 524 800 maioris
554 759 685 814 partis
723 766 933 800 oratorum
963 758 1089 799 futuri
1121 759 1289 799 sumus?
1331 774 1468 800 nonne
1506 759 1710 800 cernimus

356 821 425 861 vix
446 821 621 876 singulis
642 820 846 861 aetatibus
867 821 987 861 binos
1008 828 1192 861 oratores
1211 820 1430 861 laudabilis
1479 820 1711 861 exstitisse?

357 882 494 923 Galba
518 882 597 922 fuit
625 882 732 924 inter
763 889 824 923 tot
854 882 1037 935 aequalis
1063 897 1170 922 unus
1203 882 1429 931 excellens,
1468 882 1551 931 eui,
1589 896 1710 935 quem

357 945 409 985 ad
433 944 603 985 modum
628 944 876 999 accepimus,
903 952 943 985 et
964 943 1070 985 Cato
1097 944 1271 985 cedebat.
1291 944 1427 985 senior
1451 951 1491 984 et
1516 944 1585 997 qui
1610 952 1712 984 tem-

355 1006 525 1062 poribus
562 1006 643 1047 illis
682 1013 816 1047 aetate
852 1005 1068 1047 inferiores
1106 1006 1288 1055 fuerunt,
1326 1006 1515 1061 Lepidus
1551 1013 1708 1060 postea,

358 1068 506 1109 deinde
523 1067 680 1110 Carbo:
706 1083 802 1109 nam
821 1067 999 1109 Gracchi
1020 1067 1062 1108 in
1087 1068 1347 1109 contionibus
1373 1068 1502 1108 multo
1528 1068 1710 1108 faciliore

358 1138 399 1171 et
427 1130 618 1171 liberiore
655 1145 808 1185 genere
845 1130 1027 1179 dicendi,
1065 1144 1239 1183 quorum
1276 1138 1414 1170 tamen
1444 1130 1628 1184 ipsorum
1660 1129 1711 1170 ad

358 1199 535 1233 aetatem
559 1192 650 1234 laus
676 1191 934 1245 eloquentiae
958 1191 1144 1246 perfecta
1161 1192 1346 1231 nondum
1364 1191 1460 1240 fuit3
1486 1190 1709 1239 Antonius,

359 1255 558 1304 Crassus,
594 1261 692 1310 post
722 1253 865 1303 Cotta,
905 1254 1135 1309 Sulpicius,
1172 1254 1445 1302 Hortensius,
1481 1253 1583 1294 nihil
1620 1254 1710 1294 dico

358 1316 554 1372 amplius:
592 1324 752 1358 tantum
782 1317 892 1365 dico,
933 1316 968 1356 si
997 1316 1099 1356 mihi
1132 1316 1369 1364 accidisset,
1405 1324 1450 1355 ut
1474 1330 1712 1356 numerarer

358 1378 400 1419 in
429 1379 570 1419 multis
604 1411 694 1420 .....
728 1379 762 1419 si
794 1393 971 1434 operosa
1002 1386 1065 1419 est
1102 1378 1360 1419 concursatio
1396 1377 1531 1432 magis
1562 1392 1710 1432 oppor-

358 1448 551 1483 tunorum
578 1473 668 1481 .....
