1859 3069
334 497 350 522 22!

376 207 403 248 2
781 213 830 247 M.
857 209 1033 246 TrLLn
1060 206 1318 242 CICERONJS

374 296 595 337 memoriae
632 310 714 335 non
751 307 849 333 sane
887 289 986 331 satis
1023 288 1228 343 explicata
1262 288 1510 339 recordatio,
1549 289 1641 340 sed,
1677 299 1722 331 ut

375 358 566 406 arbitror,
605 365 700 412 apta
724 356 776 395 ad
800 354 860 401 id,
900 351 1010 405 quod
1044 350 1238 403 requiris,
1275 359 1319 392 ut
1356 366 1584 407 cognoscas
1617 368 1721 406 quae

374 419 451 459 viri
495 418 676 459 omnium
718 412 1044 467 eloquentissimi
1087 412 1385 466 clarissimique
1429 415 1634 455 senserint
1670 415 1720 455 de

375 481 485 521 omni
520 479 675 520 ratione
713 476 887 517 dicendi.
947 475 1010 515 vis
1043 474 1169 524 enim,
1206 483 1252 515 ut
1275 476 1375 516 mihi
1411 491 1534 531 saepe
1567 477 1719 527 dixisti,

375 543 586 596 quoniam,
624 555 726 593 quae
763 538 901 593 pueris
929 544 999 578 aut
1036 537 1355 579 adulescentulis
1387 539 1506 579 nobis
1532 554 1583 580 ex
1609 554 1720 580 eom-

373 603 622 644 mentariolis
665 600 817 641 nostris
859 599 1052 640 inchoata
1094 614 1142 640 ae
1183 600 1301 641 rudia
1343 601 1601 651 exciderunt,
1650 602 1719 642 vix

372 666 449 705 liae
474 665 493 684 *
527 671 659 704 aetate
697 663 823 717 digna
859 669 900 703 et
929 662 1008 703 hoe
1042 677 1140 710 usu,
1178 676 1300 715 quem
1336 677 1387 703 ex
1424 663 1578 713 causis,
1617 678 1719 717 quas

373 726 570 773 diximus,
610 732 669 765 tot
706 724 913 777 tantisque
945 723 1155 765 consecuti
1186 739 1347 773 snmus,
1386 725 1539 778 aliquid
1564 725 1719 766 eisdem

372 788 422 827 de
446 788 568 827 rebus
592 786 759 842 politius
786 801 810 827 a
833 786 952 826 nobis
977 786 1283 841 perfectiusque
1308 787 1500 841 proferri,
1528 787 1718 840 solesque

371 864 453 888 non
478 862 703 901 numquam
734 848 811 888 11110
843 848 893 888 (10
917 863 961 888 re
988 863 1012 888 a
1035 863 1100 888 me
1125 848 1167 888 in
1192 848 1539 903 disputationibus
1565 849 1717 890 nostris

371 910 604 959 dissentire,
643 910 753 963 quod
789 925 866 965 ego
903 909 1273 950 eruditissimorum
1310 911 1523 951 hominum
1561 911 1717 951 artibus

371 971 647 1024 eloquentiam
666 971 865 1013 contineri
891 978 1081 1019 statuam,
1108 979 1152 1012 tu
1178 980 1315 1012 autem
1338 972 1451 1012 illam
1476 973 1527 1013 ab
1553 973 1719 1027 elegan-

371 1034 426 1075 tia
463 1034 671 1075 doctrinae
708 1034 1010 1089 segregandam
1045 1042 1165 1089 putes
1203 1043 1242 1075 et
1271 1035 1314 1075 in
1350 1035 1529 1087 quodam
1564 1035 1716 1089 ingenii

372 1106 493 1151 atque
527 1097 831 1138 exercitationis
863 1112 1014 1152 genere
1044 1098 1291 1152 ponendam.
1354 1112 1401 1138 ae
1425 1097 1525 1137 mihi
1551 1097 1718 1150 quidem

372 1174 668 1215 saepenumero
701 1157 779 1214 [in]
814 1155 996 1200 summos
1034 1159 1222 1200 homines
1254 1173 1301 1199 ae
1333 1159 1503 1199 summis
1540 1159 1716 1213 ingeniis

368 1222 575 1277 praeditos
600 1222 775 1262 intuenti
800 1221 1080 1274 quaerendum
1105 1236 1197 1262 esse
1222 1221 1357 1261 visum
1382 1229 1445 1261 est
1470 1220 1569 1274 quid
1593 1228 1716 1269 esset,

369 1298 440 1324 cur
468 1284 607 1338 plures
638 1284 681 1324 in
712 1284 902 1324 omnibus
940 1283 1095 1323 artibus
1138 1297 1261 1336 quam
1297 1283 1339 1323 in
1377 1283 1550 1323 dicendo
1588 1282 1718 1323 admi-

367 1346 516 1386 rabiles
548 1345 820 1394 exstitissent3
858 1360 955 1385 nam
985 1358 1244 1397 quocumque
1281 1352 1320 1385 te
1358 1345 1492 1385 animo
1530 1352 1571 1385 et
1605 1345 1717 1399 eogi-

370 1407 521 1448 tatione
569 1407 839 1455 converteris,
895 1406 1121 1461 permultos
1178 1406 1416 1447 excellentis
1463 1406 1505 1446 in
1553 1421 1716 1459 quoque

369 1484 519 1524 genere
543 1469 702 1511 videbis
727 1484 811 1510 non
836 1468 1104 1509 mediocrium
1129 1468 1295 1517 artium,
1334 1469 1408 1509 sed
1432 1483 1560 1523 prope
1586 1469 1716 1510 maxi-

368 1546 540 1572 marum.
600 1531 690 1584 quis
727 1530 836 1571 enim
861 1537 943 1579 est,
982 1530 1069 1583 qui,
1109 1530 1143 1571 si
1180 1530 1383 1571 clarorum
1407 1530 1619 1570 hominum
1646 1545 1716 1570 ex-

369 1593 600 1633 cellentiam
628 1607 766 1633 rerum
797 1600 1009 1647 gestarum
1041 1592 1106 1633 vel
1136 1593 1310 1633 utilitate
1342 1593 1407 1632 vel
1432 1592 1715 1646 magnitudine

367 1656 501 1696 metiri
531 1655 647 1704 velit,
689 1670 773 1696 non
804 1662 1029 1709 anteponat
1064 1655 1215 1695 oratori
1251 1654 1564 1709 imperatorem?
1623 1655 1714 1707 quis

368 1726 505 1758 autem
537 1718 695 1759 dubitet
724 1717 823 1771 quin
853 1717 952 1758 belli
989 1717 1115 1757 duces
1151 1717 1529 1771 praestantissimos
1561 1732 1613 1757 ex
1637 1717 1713 1757 11110

367 1795 449 1820 111111
482 1780 646 1821 civitate
676 1794 809 1834 paene
839 1778 1169 1827 innumerabilis,
1205 1779 1247 1818 in
1278 1779 1450 1819 dicendo
1482 1786 1619 1819 autem
1645 1794 1715 1819 ex-

369 1842 553 1882 cellentis
583 1841 654 1882 vix
683 1856 839 1897 paucos
871 1842 1055 1896 proferre
1092 1840 1326 1895 possimus?
1384 1841 1466 1881 iam
1495 1856 1593 1881 vero
1619 1855 1715 1880 con-

368 1903 457 1944 silio
483 1918 530 1944 ae
556 1903 759 1958 sapientia
789 1903 858 1956 (1111
887 1918 1031 1957 regere
1057 1917 1104 1943 ae
1129 1903 1358 1957 gubernare
1389 1918 1476 1943 rem
1506 1902 1714 1956 publicam

366 1973 555 2020 possent,
597 1965 717 2005 multi
758 1973 918 2013 nostra,
967 1965 1105 2019 plures
1149 1972 1313 2019 patrum
1354 1964 1551 2004 memoria
1592 1973 1713 2016 atque

367 2028 490 2069 etiam
524 2027 726 2068 maiorum
757 2027 1020 2075 exstiterunt,
1058 2041 1152 2067 cum
1182 2027 1279 2067 boni
1309 2026 1453 2081 perdiu
1488 2025 1606 2074 nulli,
1644 2025 1713 2065 vix

368 2098 504 2130 autem
535 2089 709 2145 singulis
748 2089 950 2130 aetatibus
983 2089 1136 2143 singuli
1174 2089 1406 2129 tolerabiles
1441 2096 1622 2129 oratores
1652 2087 1714 2127 in-

366 2151 615 2192 venirenttn·.
686 2166 734 2192 1ιο
769 2166 820 2192 110
857 2151 948 2204 quis
987 2151 1093 2192 forte
1134 2165 1227 2191 eum
1264 2151 1353 2191 aliis
1397 2150 1562 2198 studiis,
1608 2164 1712 2202 quae

365 2214 584 2254 reconditis
615 2213 658 2254 in
688 2213 843 2254 artibus
882 2221 1004 2266 atque
1034 2213 1075 2253 in
1112 2213 1290 2266 quadam
1326 2212 1522 2253 varietate
1558 2211 1712 2252 littera-

366 2290 455 2315 rum
479 2282 713 2324 versantur,
739 2275 873 2330 magis
899 2275 1005 2316 hane
1031 2275 1193 2316 dicendi
1217 2275 1438 2323 rationem,
1470 2288 1592 2327 quam
1618 2287 1711 2313 eum

366 2335 620 2390 imperatoris
645 2337 766 2378 laude
792 2344 862 2378 aut
886 2351 979 2377 eum
1004 2337 1101 2378 boni
1126 2336 1326 2378 senatoris
1359 2335 1576 2391 prudentia
1600 2348 1711 2374 com-

366 2399 590 2451 parandam
614 2406 742 2453 putet,
769 2400 838 2452 qui
859 2406 1071 2440 convertat
1093 2399 1273 2439 animum
1299 2398 1351 2438 ad
1375 2412 1423 2437 ea
1446 2396 1538 2451 ipsa
1562 2396 1710 2436 artium

367 2473 518 2512 genera
559 2461 963 2515 circumspiciatque,
1006 2461 1075 2514 qui
1117 2461 1159 2501 in
1201 2461 1259 2501 eis
1302 2460 1545 2507 floruerunt,
1588 2472 1711 2511 quam

367 2520 483 2559 multi
525 2521 622 2570 sint,
665 2523 880 2572 facillime,
930 2530 1082 2576 quanta
1123 2530 1330 2564 oratolum
1372 2520 1425 2561 sit
1467 2534 1709 2574 semperque

323 2576 344 2609 3
367 2579 489 2620 fuelit
516 2583 720 2635 paucitas,
756 2583 964 2625 iudicabit.
1024 2599 1158 2637 neque
1184 2583 1291 2624 enim
1316 2589 1355 2622 te
1386 2581 1493 2635 fugit
1527 2581 1709 2621 omnium

323 2624 623 2683 ‘'laudatarum
654 2645 800 2685 artium
830 2646 1145 2700 procreatricem
1177 2644 1382 2699 quandam
1413 2651 1451 2683 et
1484 2642 1601 2694 quasi
1637 2657 1709 2696 pa-

367 2710 523 2744 rentem
548 2719 568 2745 e
573 2720 650 2754 am,
677 2720 799 2758 quam
819 2708 1084 2763 φιλοσοφίαν
1105 2706 1166 2749 Gr
1170 2707 1256 2748 aeci
1274 2712 1434 2754 vocant,
1461 2705 1511 2745 ab
1532 2703 1708 2745 homini-
