1859 3069
392 252 475 293 340
796 258 844 291 M.
870 257 1042 292 TULLll
1071 254 1336 291 CICERONIS

342 361 372 384 η
393 340 608 388 studiosis,
647 338 746 379 mihi
786 337 951 390 quidem
990 336 1068 391 ipsi
1106 352 1189 377 non
1225 338 1523 378 necessarium:
1562 337 1744 378 converti

391 402 499 443 enim
531 416 581 441 cx
607 400 761 440 Atticis
794 400 970 440 duorum
1002 398 1435 451 eloquentissimorum
1466 399 1744 440 nobilissimas

391 464 598 505 orationes
624 463 729 502 inter
755 475 881 514 seque
902 461 1142 509 contrarias,
1168 460 1371 501 Aeschini
1391 468 1431 501 et
1448 460 1744 509 Demostheni3

391 539 467 565 nec
493 523 677 565 converti
702 530 747 563 ut
773 523 995 578 interpres,
1023 523 1097 563 sed
1121 530 1164 562 ut
1191 530 1346 571 orator,
1374 523 1587 563 sententiis
1613 523 1745 563 isdem

390 595 431 627 et,
467 601 608 627 earum
650 585 793 626 formis
837 592 1049 638 tamquam
1092 585 1256 639 figuris,
1300 585 1436 625 verbis
1475 585 1526 625 ad
1562 593 1746 625 nostram

390 647 732 689 consuetudinem
765 647 871 702 aptis
882 663 891 696 3
929 647 972 687 in
1010 647 1159 700 quibus
1190 662 1275 688 non
1311 647 1482 688 verbum
1514 662 1588 700 pro
1620 647 1746 687 verbo

389 724 561 751 neeesse
587 709 712 750 habui
742 709 934 758 reddere,
973 709 1047 749 sed
1077 723 1208 763 genus
1241 723 1362 749 omne
1394 709 1614 749 verborum
1644 708 1746 748 vim-

388 788 467 826 que
494 772 655 813 servavi
665 788 675 821 3
713 787 797 812 non
822 771 931 812 enim
963 786 1012 812 ea
1042 787 1108 811 me
1135 772 1406 812 adnumerare
1438 771 1579 812 lectori
1603 770 1746 826 putavi

339 852 370 875 15
390 841 598 889 oportere,
637 834 711 874 sed
738 841 949 886 tamquam
975 834 1225 888 appendere.
1286 833 1352 873 hic
1377 833 1494 874 labor
1524 847 1642 873 meus
1668 832 1746 873 hoc

390 897 660 949 adsequetur,
697 903 743 936 ut
767 896 898 937 nostri
924 895 1112 937 homines
1139 896 1238 948 quid
1264 896 1316 936 ab
1341 895 1421 935 illis
1454 895 1640 950 exigant,
1678 894 1746 947 qui

390 973 433 999 se
459 958 623 999 AttiCos
655 958 817 1006 volunt,
855 966 895 998 et
927 958 980 998 ad
1017 972 1142 1010 quam
1179 973 1249 998 eos
1283 957 1401 1010 quasi
1439 957 1658 997 sornmlam
1686 956 1746 995 di-

390 1020 508 1061 cendi
545 1027 759 1069 revocent,
803 1019 1057 1074 intellegant.
1130 1019 1204 1059 scd
1240 1019 1420 1059 exoritur
1458 1019 1745 1072 Thucydidem

391 1082 477 1121 eius
511 1082 619 1122 enim
657 1081 824 1134 quidam
862 1081 1138 1134 eloquentiam
1178 1081 1442 1121 admirantur.
1502 1080 1545 1120 id
1581 1080 1745 1133 quidem

389 1153 518 1192 recte3
565 1144 638 1184 sed
682 1143 782 1183 nihil
821 1144 873 1183 ad
917 1159 1011 1183 eum
1054 1150 1278 1192 oratorem,
1324 1158 1445 1196 quem
1489 1142 1744 1196 quaerimus:

391 1207 501 1246 aliud
531 1216 593 1247 est
627 1207 735 1247 enim
767 1206 974 1261 explicare
1005 1221 1071 1247 res
1104 1216 1245 1261 gestas
1277 1207 1502 1255 narrando,
1541 1205 1651 1246 aliud
1684 1221 1747 1245 ar-

390 1269 676 1323 gumentando
721 1268 927 1309 criminari
966 1268 1173 1309 crimenve
1217 1268 1463 1316 dissolvere;
1513 1267 1624 1307 aliud
1653 1283 1746 1307 nar-

390 1331 547 1371 ratione
586 1339 725 1371 tenere
764 1331 1011 1379 auditorem,
1051 1330 1161 1370 aliud
1199 1330 1415 1370 concitare.
1478 1334 1539 1370 ‘at
1569 1329 1747 1382 loquitur

341 1392 566 1447 1⁴qulcre.'
626 1408 726 1433 num
763 1393 909 1433 melius
953 1408 1077 1446 quam
1112 1392 1260 1433 Plato?
1300 1407 1472 1433 necesse
1511 1400 1572 1432 est
1610 1402 1747 1432 tamen

390 1454 560 1503 oratori,
599 1469 722 1507 quem
747 1455 1004 1507 quaerimus,
1043 1454 1345 1495 'controversias
1379 1454 1585 1509 explicare
1610 1454 1747 1494 foren-

391 1516 447 1557 sis
474 1516 639 1557 dicendi
670 1531 823 1570 genere
856 1524 952 1570 apto
980 1516 1032 1556 ad
1063 1516 1315 1565 docendum,
1354 1516 1405 1556 ad
1443 1515 1745 1563 delectandum,

344 1589 364 1619 Γ,
390 1578 442 1618 ad
466 1578 804 1632 permovendum.
866 1593 947 1631 qua
971 1593 1015 1619 re
1048 1578 1082 1618 si
1108 1578 1198 1631 quis
1233 1578 1326 1627 erit,
1365 1578 1434 1631 qui
1467 1593 1510 1618 se
1536 1577 1748 1631 Thucydi-

391 1640 458 1680 dio
491 1655 642 1694 genere
675 1654 823 1680 causas
849 1640 892 1681 in
923 1641 1014 1681 foro
1053 1640 1258 1680 dicturum
1289 1655 1381 1680 esse
1417 1640 1675 1695 profiteatur,
1711 1639 1746 1678 is

391 1701 629 1742 abhorrebit
665 1701 788 1741 etiam
815 1717 838 1742 a
864 1702 1093 1756 suspitione
1125 1702 1234 1751 eius,
1272 1702 1383 1754 quod
1420 1710 1608 1742 versatur
1639 1701 1679 1741 in
1704 1716 1747 1741 re

391 1763 499 1803 civili
526 1771 566 1803 et
591 1763 765 1811 forensi3
799 1763 863 1804 sin
888 1763 1177 1817 Thucydidem
1202 1764 1405 1812 laudabit,
1445 1764 1622 1804 ascribat
1649 1778 1747 1804 suae

341 1844 369 1867 ιτ
390 1833 573 1866 nostram
600 1825 859 1865 sententiam.
920 1825 1018 1878 quin
1043 1825 1180 1879 ipsum
1206 1826 1452 1874 Isocratem,
1490 1840 1611 1878 quem
1645 1825 1748 1865 divi-

391 1902 467 1927 nus
506 1896 648 1927 auctor
677 1887 799 1927 Plato
838 1902 958 1927 suum
994 1888 1081 1928 fere
1120 1888 1335 1940 aequalem
1373 1887 1668 1928 admirabiliter
1705 1887 1746 1926 in

391 1949 584 1990 Phaedro
622 1949 780 1989 laudari
806 1949 901 1989 feeit
929 1950 980 1990 ab
1008 1947 1180 1990 Socrate
1216 1964 1421 2002 quemque
1459 1964 1601 1990 omnes
1639 1949 1748 1989 docti

394 2026 599 2051 summum
626 2018 830 2051 oratorem
856 2026 950 2052 esse
987 2011 1197 2060 dixerunt,
1236 2020 1373 2052 tamen
1405 2011 1513 2051 hune
1538 2011 1580 2051 in
1605 2026 1748 2051 nume—

391 2088 483 2113 rum
519 2088 603 2113 non
638 2088 814 2128 repon03
857 2088 940 2113 non
979 2073 1088 2113 enim
1124 2073 1165 2113 in
1202 2073 1289 2114 acie
1325 2082 1513 2114 versatur
1549 2079 1591 2113 et
1625 2072 1747 2119 ferro,

393 2135 467 2175 sed
504 2135 621 2188 quasi
653 2136 824 2175 rudibus
864 2135 951 2175 eius
990 2135 1118 2176 cludit
1155 2135 1298 2177 oratio.
1360 2151 1382 2176 a
1413 2151 1478 2176 me
1511 2143 1666 2183 autem,
1705 2143 1749 2175 ut

392 2212 485 2237 cum
516 2197 707 2238 maximis
744 2197 915 2238 'minima
952 2197 1182 2245 conferam,
1220 2197 1495 2251 gladiatorum
1528 2212 1602 2252 par
1631 2196 1748 2237 nobi—

391 2258 595 2298 lissimum
621 2258 847 2305 inducitur,
874 2258 1128 2308 Aeschines,
1164 2268 1374 2312 tamquam
1400 2259 1679 2307 Aeserninus,
1704 2266 1749 2297 ut

393 2320 449 2359 ait
485 2320 694 2369 Lucilius,
733 2336 816 2361 non
856 2325 1049 2375 ‘spurcus
1088 2320 1243 2370 homo‚’
1283 2321 1357 2361 sed
1397 2335 1490 2361 acer
1526 2329 1567 2361 et
1602 2320 1748 2361 doctus

394 2390 507 2422 ‘eum
526 2383 798 2423 Pacideiano’
826 2383 892 2423 hie
918 2383 1210 2438 ‘componitur‚
1238 2414 1246 2423 .
1264 2415 1273 2423 .
1290 2414 1298 2423 .
1326 2382 1481 2438 optimo
1506 2382 1629 2436 longe
1654 2391 1749 2436 post

394 2443 581 2485 homines
613 2445 768 2492 natos,'
806 2445 907 2484 nihil
935 2445 1046 2485 enim
1072 2444 1142 2485 illo
1180 2452 1340 2485 oratore
1379 2444 1553 2484 arbitror
1577 2443 1749 2498 cogitari

347 2523 375 2545 ις
394 2521 517 2559 posse
543 2506 736 2547 divinius.
798 2506 892 2546 huie
918 2506 1049 2546 labori
1074 2514 1216 2547 nostro
1243 2506 1324 2546 duo
1350 2521 1503 2560 genera
1528 2505 1749 2561 reprehen-

396 2582 534 2606 sorum
559 2576 835 2622 opponuntur.
898 2583 1026 2609 unum
1051 2567 1147 2608 hoc:
1176 2573 1353 2608 “verum
1378 2568 1524 2608 melius
1552 2565 1747 2615 Graeci;'’

395 2643 418 2666 a
443 2642 523 2680 quo
549 2638 781 2681 quaeratur,
808 2630 956 2683 ecquid
980 2630 1143 2685 possint
1167 2629 1245 2684 ipsi
1272 2630 1419 2670 melius
1446 2629 1623 2670 Latine?
1649 2629 1748 2669 alte-

395 2705 503 2729 rum:
542 2690 673 2742 “quid
709 2691 809 2732 istas
835 2692 973 2746 potius
1010 2692 1147 2745 legam
1173 2706 1295 2744 quam
1335 2690 1576 2732 (iraecas?'’
1615 2690 1747 2731 eidem

399 2751 600 2791 Andriam
632 2761 671 2793 et
706 2753 980 2807 Synephebos
1015 2752 1109 2807 [nee
1136 2753 1271 2793 minus
1298 2753 1536 2794 Terentium
1569 2759 1610 2792 et
1641 2751 1748 2792 Cae-
