1859 3069
284 666 328 698 89

278 713 328 736 304.

281 1116 330 1141 305

285 1982 334 2007 306

352 208 433 249 268
757 214 805 247 Μ.
833 211 1011 247 TULLII
1038 210 1299 246 CICERONIS

352 296 605 343 memoriter,
655 293 865 333 dividebat
914 299 1050 339 acute,
1097 305 1173 331 nec
1221 292 1573 346 praetermittebat
1621 292 1707 332 fere

353 359 591 412 quicquam,
635 354 746 407 quod
783 359 894 393 essct
929 352 972 392 in
1008 366 1136 392 causa
1180 360 1251 393 aut
1287 353 1340 393 ad
1381 354 1707 394 confirmandum

353 429 423 462 aut
458 420 511 460 ad
552 417 838 458 refellendum.
909 429 992 456 vox
1033 429 1184 455 canora
1221 422 1261 455 et
1298 415 1455 465 suavis3
1494 424 1630 458 motus
1668 423 1707 455 et

352 489 495 536 gestus
544 480 668 520 ctiam
715 477 808 532 plus
859 476 958 517 artis
1006 476 1199 525 habebat,
1251 490 1374 529 quam
1423 485 1510 518 erat
1556 476 1704 519 oratori

354 543 467 584 satis.
558 541 637 581 hoc
685 539 810 594 igitur
864 539 1109 579 florescente
1158 538 1339 579 Crassus
1392 547 1455 579 est
1506 548 1708 585 mortuus,

354 603 482 645 Cotta
522 602 689 657 pulsus,
735 601 888 641 iudicia
930 600 1168 641 intermissa
1208 599 1336 650 bello,
1378 615 1454 641 nos
1489 600 1532 640 in
1574 601 1706 641 sorum

352 666 554 707 venimus.
634 671 722 705 erat
762 663 1014 704 Hortensius
1057 663 1100 703 in
1147 662 1255 703 bello
1304 662 1436 717 primo
1485 678 1592 703 anno
1634 663 1709 703 mi-

352 728 432 775 les,
471 726 599 767 altero
636 725 825 766 tribunus
863 725 1058 773 1nilitum3
1105 723 1316 778 Sulpicius
1352 724 1515 779 legatus
1554 724 1708 773 aberat,

353 789 477 830 etiam
501 788 563 829 M.
585 787 816 836 Antonius3
843 787 1112 828 exercebatur
1137 802 1220 826 una
1243 786 1336 840 lege
1361 786 1558 826 iudicium
1582 786 1712 828 Varia

354 851 500 891 ceteris
526 858 695 905 propter
719 849 875 889 bellum
907 848 1172 897 intermissis,
1211 848 1276 888 cui
1302 848 1496 901 frequens
1530 848 1709 897 aderam,

353 926 605 965 quamqualn
629 926 703 966 pro
731 926 775 952 se
800 911 880 965 ipsi
906 911 1099 951 dicebant
1135 918 1319 951 oratores
1353 925 1435 951 non
1460 909 1519 949 illi
1544 909 1711 962 quidem

352 974 579 1029 principes,
617 973 670 1014 L.
708 972 936 1014 Memmius
974 980 1015 1013 et
1045 972 1099 1023 Q.
1131 971 1376 1027 Pompci11S‚
1416 972 1490 1012 sed
1527 980 1710 1012 oratores

354 1046 492 1077 tamen
517 1043 623 1076 teste
649 1035 802 1076 diserto
827 1043 999 1087 uterque
1025 1034 1240 1088 Philippo,
1267 1034 1381 1074 cuius
1409 1033 1450 1073 in
1476 1033 1710 1075 testimonio

357 1098 564 1139 contentio
591 1104 630 1138 et
657 1097 741 1137 vim
767 1096 1019 1137 accusatoris
1045 1095 1225 1136 habebat
1251 1102 1292 1136 et
1317 1095 1491 1150 copiam.
1550 1094 1710 1147 reliqui,

355 1161 425 1214 qui
450 1168 537 1200 tum
571 1159 779 1214 principes
810 1159 1152 1207 numerabantur,
1189 1158 1232 1198 in
1258 1157 1569 1211 magistratibus
1596 1163 1712 1197 erant

355 1222 587 1275 cotidieque
614 1222 700 1262 fere
726 1236 751 1261 a
774 1221 894 1261 nobis
920 1220 961 1260 in
995 1219 1255 1261 contionibus
1294 1219 1585 1259 audiebantur:
1625 1226 1713 1259 erat

355 1285 464 1326 enim
496 1285 684 1324 tribunus
721 1283 854 1339 plebis
894 1290 981 1323 tum
1013 1282 1062 1323 C.
1091 1281 1237 1330 Curio,
1276 1296 1527 1334 quamquam
1557 1281 1591 1321 is
1624 1280 1713 1333 qui-

356 1347 450 1387 dem
477 1346 643 1395 silebat,
681 1353 727 1385 ut
751 1353 838 1386 erat
865 1345 993 1385 semel
1019 1360 1043 1384 a
1068 1344 1258 1385 contione
1295 1343 1490 1384 universa
1524 1343 1711 1392 relictus3

356 1409 409 1461 Q.
447 1408 646 1449 Metellus
681 1407 804 1448 Celer
840 1423 925 1448 non
959 1407 1028 1448 ille
1066 1407 1233 1460 quidem
1270 1415 1426 1456 orator,
1463 1406 1539 1447 sed
1574 1414 1713 1447 tamen

356 1486 439 1511 non
475 1470 632 1519 infans3
679 1469 822 1510 diserti
860 1476 998 1510 autem
1035 1468 1089 1520 Q.
1125 1468 1299 1517 Varius,
1339 1468 1388 1509 C.
1435 1466 1593 1517 Carbo,
1633 1468 1712 1509 Cn.

354 1531 631 1586 Pomponius3
659 1538 699 1572 et
724 1531 766 1571 hi
791 1531 957 1584 quidem
978 1530 1221 1571 habitabant
1245 1530 1287 1570 in
1305 1529 1490 1579 Rostris3
1519 1529 1569 1571 C.
1590 1529 1713 1570 etiam

355 1593 486 1634 Iulius
530 1594 674 1633 aedilis
720 1593 870 1633 curulis
915 1593 1064 1633 cotidie
1110 1593 1196 1633 fere
1240 1593 1458 1633 adcuratas
1501 1592 1713 1633 contiones

357 1655 548 1695 habebat.
610 1655 684 1694 sed
719 1670 784 1695 me
821 1654 1137 1709 cupidissimum
1175 1655 1368 1695 audiendi
1403 1655 1561 1708 primus
1598 1655 1715 1695 dolor

356 1716 580 1771 percussit,
620 1715 746 1756 Cotta
777 1730 869 1756 cum
902 1724 965 1757 est
1002 1717 1221 1770 expulsus3
1259 1716 1439 1768 reliquos
1477 1716 1715 1768 frequenter

358 1779 529 1819 audiens
568 1777 766 1819 acerrimo
805 1777 940 1818 studio
978 1778 1148 1818 tenebar
1186 1778 1418 1830 cotidieque
1451 1785 1491 1817 et
1529 1778 1713 1818 scribens

358 1849 398 1881 et
422 1840 565 1894 legens
592 1847 633 1880 et
658 1848 941 1881 commentans
968 1840 1155 1880 oratoriis
1187 1847 1326 1880 tamen
1351 1839 1713 1880 exercitationibus

358 1909 574 1942 contentus
607 1917 691 1942 non
723 1917 847 1942 eram.
908 1901 990 1941 iam
1022 1909 1302 1954 consequente
1335 1916 1442 1941 anno
1475 1900 1528 1952 Q.
1560 1900 1712 1943 Varius

359 1979 434 2004 sua
469 1963 562 2017 lege
599 1963 818 2003 damnatus
856 1972 1110 2012 excesserat3
1155 1978 1233 2017 ego
1272 1970 1410 2003 autem
1446 1962 1545 2002 iuris
1583 1961 1713 2001 civilis

359 2024 495 2066 studio
532 2024 707 2065 multum
744 2040 894 2079 operae
931 2025 1081 2065 dabam
1113 2023 1166 2075 Q.
1195 2023 1423 2065 Scaevolae
1456 2023 1509 2075 Q.
1540 2024 1609 2072 F„
1648 2023 1716 2076 qui

359 2101 611 2140 quamquam
647 2087 802 2128 nemini
834 2102 878 2127 se
911 2087 963 2127 ad
1000 2086 1234 2127 docendum
1270 2086 1414 2135 dabat,
1451 2094 1590 2126 tamen
1620 2099 1717 2125 con—

360 2150 589 2190 sulentibus
619 2149 911 2204 respondendo
944 2149 1151 2190 studiosos
1183 2149 1377 2189 audiendi
1408 2148 1595 2189 docebat.
1656 2154 1717 2188 at-

360 2227 441 2264 que
466 2212 562 2252 huic
587 2227 694 2252 anno
727 2211 941 2266 proximus
969 2210 1087 2251 Sulla
1125 2211 1294 2251 consule
1320 2217 1361 2251 et
1383 2209 1587 2264 Pompeio
1620 2209 1714 2249 suit:

360 2284 446 2314 tum
476 2274 526 2314 P.
561 2272 735 2328 Sulpicii
767 2273 809 2313 in
841 2274 1051 2314 tribunatu
1083 2273 1233 2314 cotidie
1271 2272 1546 2313 contionantis
1586 2280 1716 2313 totum

359 2351 492 2390 genus
525 2336 687 2377 dicendi
723 2336 889 2391 penitus
923 2335 1213 2390 cognovimus3
1252 2335 1480 2388 eodemque
1518 2342 1715 2389 tempore,

361 2413 454 2438 cuin
484 2398 677 2453 princeps
702 2397 958 2439 Academiae
983 2398 1106 2439 Philo
1141 2413 1234 2438 cum
1258 2397 1580 2438 Atheniensium
1612 2396 1717 2450 opti-

361 2461 539 2501 matibus
565 2460 851 2501 Mithridatico
883 2461 992 2501 bello
1026 2460 1148 2501 domo
1178 2460 1434 2514 profugisset
1457 2460 1716 2511 Romamque

362 2522 562 2570 venisset,
600 2530 731 2563 totum
758 2522 794 2562 ei
821 2537 886 2562 me
912 2521 1061 2562 tradidi
1088 2521 1319 2562 admirabili
1344 2521 1524 2574 quodam
1550 2520 1600 2560 ad
1625 2519 1716 2573 phi-

363 2583 595 2638 losophiam
615 2584 752 2625 studio
775 2584 1016 2632 concitatus,
1038 2584 1079 2623 in
1100 2598 1180 2637 quo
1202 2584 1279 2623 hoc
1294 2583 1417 2623 etiam
1432 2581 1715 2623 commorabar

365 2646 572 2694 attentius,
600 2647 711 2699 quod
735 2646 813 2687 etsi
836 2662 975 2687 rerum
997 2646 1183 2701 ipsarum
1207 2645 1384 2686 varietas
1411 2652 1450 2686 et
1475 2642 1715 2697 magnitudo

367 2721 527 2747 summa
562 2722 627 2748 ine
671 2708 944 2749 delectatione
986 2707 1209 2756 retinebat,
1254 2715 1391 2747 tamen
1436 2705 1597 2746 sublata
1634 2704 1715 2744 iam
