1859 3069
576 223 779 259 BRUTUS
804 223 1006 257 220—22T.
1384 214 1463 253 247

112 309 203 357 ciis,
240 307 347 347 etin
372 305 588 361 praesidiis
613 305 672 345 rei
702 304 912 359 publicae,
951 303 1016 344 eui
1041 302 1162 344 facile
1194 303 1294 343 satis
1327 302 1463 342 faeere

111 370 284 426 possint,
312 369 593 417 conlocemus;
621 368 768 408 eodem
793 366 846 418 Q.
869 366 1126 420 Caepionem
1149 365 1361 414 referrem,
1387 365 1466 405 nisi
1491 384 1522 407 22

113 432 234 472 nimis
261 431 442 484 equestri
467 430 600 471 ordini
633 429 796 470 deditus
829 444 853 469 a
884 435 1030 469 senatu
1067 427 1323 468 dissedisset.
1386 425 1466 467 Cn.

113 494 369 541 Carbonem,
408 493 471 533 M.
502 492 684 532 Blarium
716 500 757 532 et
788 506 839 532 ex
871 491 1019 531 eodem
1056 505 1209 545 genere
1245 489 1467 544 compluris

111 556 277 596 minime
316 556 465 609 dignos
503 553 705 608 elegantis
743 561 972 593 conventus
1019 553 1186 593 auribus
1230 551 1468 607 aptissimos

113 618 289 673 cognovi
327 616 571 657 turbulentis
610 615 891 664 contionibus3
935 629 1016 667 quo
1053 614 1095 655 iu
1132 630 1304 669 genere,
1346 622 1393 654 ut
1426 614 1470 654 in

113 680 175 720 his
202 680 439 734 perturbem
465 685 645 718 aetatum
671 677 871 725 ordinem,
897 692 1029 731 nuper
1048 676 1102 717 L.
1124 676 1346 728 Quinctius
1372 675 1468 724 fuit3

113 742 244 796 aptior
270 741 394 782 etiam
417 740 641 781 Palicanus
669 738 837 779 auribus
863 738 1160 792 imperitorum,
1210 745 1251 779 et
1275 737 1470 791 quoniam
1495 756 1532 779 22>

113 804 232 844 huius
276 802 440 857 generis
486 802 597 841 facta
633 800 787 841 mentio
832 806 914 848 est,
959 800 1249 841 seditiosorum
1286 799 1470 840 omnium

113 875 206 920 post
238 864 451 905 Gracchos
483 863 536 903 L.
562 861 799 917 Appuleius
829 860 1079 906 Saturninus
1106 862 1469 914 eloquentissimus

112 929 226 968 visus
252 935 333 976 est,
360 926 493 980 magis
520 925 658 980 speeie
684 932 823 965 tamen
848 931 890 964 et
912 931 1027 964 motu
1053 931 1176 976 atque
1201 924 1292 978 ipso
1318 924 1470 964 amictu

113 990 302 1044 capiebat
328 988 516 1029 homines
549 1001 674 1040 quam
706 993 777 1026 aut
807 986 971 1026 dicendi
1008 986 1129 1040 copia
1160 994 1231 1025 aut
1254 985 1472 1025 mediocri-

113 1060 194 1092 tate
219 1050 480 1106 prudentiae3
518 1049 643 1103 longe
669 1056 809 1089 autem
833 1055 927 1103 post
952 1055 1072 1088 natos
1105 1047 1293 1088 homines
1318 1047 1472 1100 impro-

113 1113 307 1153 bissimus
336 1111 385 1152 C.
414 1110 617 1152 Servilius
644 1110 840 1159 Glaucia,
875 1109 950 1150 sed
980 1103 1203 1164 peracut'us
1231 1116 1272 1150 et
1296 1109 1470 1149 callidus

112 1190 205 1215 cum
236 1173 462 1229 primisque
497 1173 710 1213 ridiculus.
770 1172 806 1213 is
839 1187 890 1212 ex
929 1171 1100 1212 summis
1140 1179 1181 1212 et
1211 1171 1401 1212 fortunae
1432 1177 1474 1210 et

113 1237 222 1277 vitae
255 1236 445 1277 sordibus
480 1235 521 1275 in
551 1242 746 1289 practura
777 1234 922 1275 consul
954 1234 1090 1274 factus
1122 1240 1252 1281 esset,
1290 1233 1324 1273 si
1348 1232 1473 1273 ratio-

115 1314 209 1339 nem
241 1298 328 1338 eius
360 1298 502 1338 haberi
534 1297 657 1338 licere
693 1296 921 1337 iudicatum
953 1304 1082 1344 esset,
1122 1311 1217 1335 nam
1243 1303 1284 1335 ct
1308 1295 1473 1349 plebem

116 1361 283 1401 tenebat
307 1368 348 1400 et
373 1366 607 1412 equestrem
645 1359 833 1400 ordinem
857 1357 1057 1399 beneficio
1083 1357 1187 1411 legis
1216 1357 1471 1405 devinxerat,

117 1422 169 1477 [is
208 1429 373 1476 praetor
409 1421 556 1461 eodem
588 1421 673 1469 die,
712 1435 792 1473 quo
820 1419 1071 1460 Saturninus
1104 1419 1292 1459 tribunus
1324 1419 1471 1473 plebis,

114 1485 250 1525 Mario
277 1491 317 1524 et,
334 1483 487 1524 Flacco
508 1484 746 1524 consulibus
766 1483 931 1538 publice
957 1490 1020 1523 est
1038 1480 1319 1535 interfectus3]
1348 1481 1472 1522 homo

117 1546 347 1587 simillimus
367 1545 639 1586 Atheniensis
661 1544 907 1600 Hyperbolss
936 1544 1052 1585 cuius
1074 1544 1382 1599 improbitatem
1402 1559 1473 1583 ve-

116 1617 221 1649 teres
247 1607 482 1648 Atticorum
509 1607 747 1648 comoediae
773 1614 1040 1647 notaverunt:
1066 1621 1169 1659 quos
1196 1613 1260 1646 est
1280 1604 1379 1646 Sex.
1401 1605 1473 1644 Ti-

116 1671 195 1711 tius
230 1676 477 1710 consecutus
516 1669 639 1710 homo
676 1670 830 1722 loquax
864 1683 964 1709 sane
997 1675 1038 1708 et
1063 1668 1164 1709 satis
1196 1674 1361 1715 acutus,
1400 1667 1474 1707 sed

116 1742 198 1773 tam
241 1732 400 1772 solutus
444 1740 484 1772 et
524 1731 660 1771 mollis
702 1731 744 1770 in
786 1737 925 1785 gestu,
975 1736 1020 1769 ut
1062 1729 1226 1770 saltatio
1268 1729 1473 1782 quaedam

114 1802 369 1843 nasceretur,
408 1794 473 1834 eui
499 1794 706 1834 saltationi
732 1793 868 1833 Titius
894 1807 1046 1833 nomen
1072 1800 1202 1833 esset:
1242 1791 1299 1832 ita
1324 1806 1474 1832 caven—

115 1856 213 1897 dum
238 1864 302 1897 est
325 1871 377 1896 ne
404 1856 503 1909 quid
526 1856 569 1896 in
595 1856 758 1910 agendo
790 1854 1020 1895 dicendove
1052 1854 1202 1903 facias,
1241 1853 1357 1894 cuius
1383 1853 1474 1893 imi—

116 1918 214 1959 tatio
255 1918 450 1959 rideatur.
522 1918 597 1958 sed
634 1918 686 1958 ad
727 1917 852 1972 paulo
897 1916 1153 1971 superiorem
1196 1922 1373 1956 aetatem
1409 1930 1473 1955 re-

118 1980 222 2020 vecti
260 1995 421 2021 sumus:
459 1995 568 2020 nune
600 1981 653 2020 ad
684 1995 795 2029 eam,
834 1979 884 2019 de
918 1993 1001 2032 qua
1037 1978 1293 2031 aliquantum
1331 1992 1473 2017 sumus

118 2041 261 2089 locuti,
286 2048 555 2082 revertamur.

199 2102 457 2143 Coniunctus
499 2103 624 2157 igitur
662 2102 838 2157 Sulpicii
881 2102 1006 2143 aetati
1040 2102 1091 2143 P.
1128 2101 1338 2141 Antistius
1382 2100 1471 2149 suit,
1498 2118 1529 2140 „2

118 2165 263 2204 rabula
288 2180 387 2205 sane
422 2164 667 2219 probabilis,
707 2164 775 2218 qui
805 2164 957 2205 multos
991 2178 1085 2204 cum
1116 2163 1313 2204 tacuisset
1343 2177 1474 2202 annos

119 2240 252 2279 neque
278 2227 485 2267 contemni
509 2227 661 2275 solum,
700 2227 774 2267 sed
798 2226 966 2267 inrideri
1003 2226 1127 2267 etiam
1165 2225 1311 2266 solitus
1349 2231 1472 2272 esset,

119 2289 160 2328 in
185 2288 395 2328 tribunatu
424 2288 603 2343 primum
629 2296 771 2329 contra
796 2287 846 2329 C.
872 2288 970 2328 Iulii
993 2287 1106 2327 illam
1138 2286 1377 2327 consulatus
1402 2300 1475 2339 pe-

121 2351 304 2391 titionem
341 2350 707 2391 extraordinariam
743 2365 884 2391 veram
921 2364 1090 2390 causam
1127 2363 1255 2403 agens
1287 2354 1351 2388 est
1380 2362 1475 2402 pro-

121 2414 259 2461 batus3
298 2419 339 2453 et
374 2427 423 2453 eo
459 2412 613 2466 magis,
651 2412 762 2465 quod
799 2411 974 2452 eandem
1007 2425 1177 2451 eausam
1208 2424 1302 2449 cum
1333 2416 1474 2463 ageret

119 2475 206 2515 cius
245 2474 419 2529 conlega
454 2473 521 2514 ille
557 2474 647 2529 ipse
688 2473 916 2528 Sulpicius,
961 2473 1027 2513 hic
1062 2473 1182 2527 plura
1217 2480 1258 2513 et
1293 2473 1473 2512 acutiora

120 2537 299 2585 dicebat3
336 2536 474 2589 itaque
510 2544 606 2590 post
641 2536 895 2576 tribunatum
931 2535 1064 2589 primo
1101 2534 1254 2574 multae
1291 2534 1344 2574 ad
1381 2549 1474 2575 eum

120 2614 288 2646 causae,
322 2598 470 2638 deinde
497 2613 640 2638 onmes
665 2597 892 2646 maximae,
920 2611 1205 2649 quaecumque
1231 2603 1365 2645 erant,
1404 2596 1474 2636 de-

119 2660 369 2701 ferebantur.
428 2674 517 2700 rem
553 2659 722 2699 videbat
760 2666 898 2707 acute,
936 2659 1212 2712 componebat
1242 2657 1472 2712 diligenter,
1499 2676 1530 2698 ..2

119 2722 318 2764 memoria
348 2722 531 2770 valebat3
570 2721 706 2762 verbis
739 2736 822 2761 non
854 2720 922 2760 ille
948 2720 1115 2773 quidem
1151 2719 1305 2761 ornatis
1330 2720 1474 2760 uteba-

1498 1621 1548 1645 225

1499 1924 1542 1956 63
