1859 3069
311 812 344 836 80

310 1306 339 1329 81

378 212 462 253 360
784 221 832 256 M.
859 221 1036 257 TULLII
1063 221 1326 257 CICERONIS

378 317 549 356 genere,
576 317 657 355 quo
682 302 769 350 illa,
807 316 912 354 quae
937 301 978 342 in
1004 301 1252 356 disputando
1278 310 1358 351 est,
1390 303 1554 344 uberior
1579 312 1643 344 est
1669 312 1722 344 at-

378 378 456 417 que
481 364 600 405 latior
625 372 665 404 et
691 364 742 404 ad
769 372 903 404 motus
925 363 1155 404 animorum
1174 364 1367 419 volgique
1394 380 1541 406 sensus
1562 366 1727 407 adcom-

377 426 591 466 modatior.
664 434 803 466 custos
841 441 938 466 vero
982 426 1179 466 virtutum
1221 427 1403 467 omnium
1446 428 1625 470 dedecus
1663 428 1726 469 fu-

377 487 494 541 giens
520 488 766 540 laudemque
792 487 970 527 maxime
997 501 1256 540 consequens
1283 489 1531 530 verecundia
1555 498 1630 531 est.
1667 498 1727 531 at-

377 563 454 601 que
480 549 521 588 111
547 549 713 601 quidem
740 561 835 589 sunt
860 549 947 589 fere
973 550 1090 602 quasi
1128 549 1294 602 quidam
1328 551 1491 592 habitus
1519 552 1643 592 animi
1669 552 1728 592 sic

376 610 526 651 adfecti
552 619 592 651 et
617 611 847 659 constituti,
884 618 928 651 ut
955 611 1035 651 sint
1068 611 1220 666 singuli
1254 612 1360 653 inter
1386 628 1430 653 se
1455 614 1621 668 proprio
1646 614 1727 655 vir-

374 672 472 713 tutis
510 687 661 726 genere
704 672 904 722 distincti3
950 689 974 713 a
1009 673 1158 726 quibus
1195 681 1239 714 ut
1276 689 1464 727 quaeque
1506 691 1572 716 res
1609 684 1727 730 gesta

375 742 456 782 est,
499 733 556 774 ita
594 733 647 774 sit
683 733 858 774 honesta
900 749 1072 775 necesse
1110 742 1173 775 est
1210 750 1451 789 summeque
1494 736 1726 777 laudabilis.

375 803 471 835 sunt
501 803 638 836 autem
671 796 738 835 alii
771 795 939 848 quidam
970 796 1053 836 ficti
1091 797 1214 836 animi
1246 797 1410 839 habitus
1448 805 1489 839 et
1519 799 1570 839 ad
1601 798 1728 839 virtu-

374 865 457 897 tem
482 857 600 909 quasi
625 857 827 912 praeculti
853 866 893 898 et
917 859 1149 913 praeparati
1176 859 1297 900 rectis
1320 859 1465 900 studiis
1492 868 1532 901 et
1557 861 1726 910 artibus,

373 926 418 958 ut
442 918 483 958 in
511 918 595 960 suis
620 919 744 959 rebus
771 927 863 960 sum
890 920 1025 960 studia
1049 920 1295 971 litterarum,
1322 929 1367 962 ut
1391 937 1655 962 numerorum
1681 935 1728 962 ac

374 996 590 1030 sonorum,
627 989 672 1021 ut
697 996 936 1031 mensurae,
968 990 1011 1022 ut
1039 982 1239 1031 siderum,
1276 991 1322 1024 ut
1346 998 1562 1037 equorum,
1588 992 1633 1024 ut
1657 999 1727 1025 ve-

373 1044 518 1092 nandi,
555 1051 600 1084 ut
636 1059 861 1093 armorum;
899 1045 941 1084 in
975 1046 1260 1086 communibus
1293 1046 1561 1101 propensiora
1592 1046 1727 1087 studia

372 1105 414 1145 in
450 1106 586 1159 aliquo
622 1122 774 1161 genere
812 1107 972 1148 virtutis
1010 1108 1228 1162 praecipue
1260 1109 1432 1149 colendo
1470 1118 1539 1149 aut
1577 1109 1725 1149 divinis

373 1167 496 1208 rebus
524 1168 740 1209 serviendo
767 1177 834 1208 aut
860 1169 1119 1223 parentibus,
1147 1170 1307 1219 amieis,
1351 1170 1582 1225 hospitibus
1608 1186 1726 1226 prae-

375 1229 492 1283 cipue
518 1238 640 1283 atque
666 1230 884 1285 insigniter
910 1231 1150 1285 diligendis3
1177 1240 1299 1284 atque
1326 1232 1428 1272 haec
1453 1232 1619 1285 quidem
1644 1233 1725 1272 vir-

375 1298 520 1332 tutum.
581 1292 773 1332 vitiorum
799 1300 935 1332 autem
962 1301 1057 1333 sunt
1082 1308 1237 1347 genera
1261 1294 1476 1334 contraria.
1521 1295 1726 1335 cernenda

373 1360 508 1392 autem
535 1361 629 1393 sunt
656 1354 892 1408 diligenter,
929 1369 980 1394 ne
1006 1354 1151 1394 fallant
1176 1369 1225 1395 ea
1250 1370 1325 1395 nos
1359 1355 1475 1403 vitia,
1514 1370 1618 1408 quae
1644 1356 1725 1396 vir-

373 1422 502 1454 tutem
542 1414 733 1455 videntur
776 1415 943 1463 imitari3
988 1431 1083 1456 nam
1120 1423 1160 1456 et
1195 1416 1456 1470 prudentiam
1492 1417 1648 1457 malitia
1684 1424 1725 1458 et

372 1476 686 1531 temperantiam
716 1477 952 1517 immanitas
984 1477 1025 1516 in
1062 1477 1343 1532 voluptatibus
1381 1479 1651 1533 aspernandis
1684 1487 1723 1519 et

372 1538 698 1591 magnitudinem
724 1538 848 1578 animi
881 1538 1074 1593 superbia
1098 1538 1139 1578 in
1165 1538 1285 1580 nimis
1318 1540 1561 1580 extollendis
1589 1550 1629 1581 et
1653 1541 1723 1581 de-

373 1599 586 1654 spicientia
603 1600 645 1639 in
670 1600 983 1640 contemnendis
1005 1600 1229 1641 honoribus
1248 1608 1288 1641 et
1307 1601 1593 1642 liberalitatem
1620 1603 1724 1642 effu-

373 1662 433 1702 sio
459 1669 500 1702 et
524 1662 808 1703 fortitudinem
834 1662 1006 1702 audacia
1036 1662 1219 1702 imitatur
1243 1671 1284 1703 et
1307 1663 1548 1717 patientiam
1574 1664 1723 1704 duritia

374 1722 544 1778 [inanis]
572 1731 612 1764 et
636 1723 834 1764 iustitiam
861 1723 1062 1764 acerbitas
1090 1732 1129 1764 et
1153 1724 1394 1778 religionem
1422 1725 1658 1779 superstitio
1683 1734 1724 1766 et

375 1786 585 1826 lenitatem
621 1786 794 1826 mollitia
831 1785 956 1825 animi
982 1793 1023 1826 et
1060 1787 1351 1827 verecundiam
1389 1787 1584 1826 timiditas
1611 1794 1651 1827 et
1675 1786 1722 1826 il-

375 1848 456 1887 lam
488 1848 724 1902 disputandi
755 1847 1017 1901 prudentiam
1053 1847 1301 1888 concertatio
1341 1848 1600 1902 captatioque
1632 1863 1722 1888 ver-

373 1910 516 1950 borum
542 1917 581 1950 et
606 1909 711 1949 hanc
737 1909 957 1950 oratoriam
984 1909 1067 1949 vim
1091 1909 1223 1949 inanis
1251 1910 1453 1962 quaedam
1479 1910 1722 1964 profluentia

370 1971 583 2024 loquendi3
617 1971 763 2012 studiis
791 1979 929 2012 autem
954 1971 1073 2012 bonis
1112 1971 1261 2012 similia
1299 1972 1489 2012 videntur
1514 1987 1580 2020 ea,
1618 1986 1722 2025 quae

374 2042 468 2073 sunt
503 2034 545 2073 111
581 2034 727 2074 eodem
753 2048 904 2088 genere
942 2033 1080 2074 nimia.
1141 2048 1263 2086 quam
1295 2035 1348 2074 ob
1372 2049 1459 2074 rem
1496 2033 1629 2074 omnis
1660 2034 1721 2074 vis

370 2095 565 2135 laudandi
602 2095 943 2150 vituperandique
981 2110 1032 2135 ex
1064 2094 1127 2135 his
1162 2103 1346 2135 sumetur
1383 2095 1579 2135 virtutum
1606 2095 1723 2136 vitio-

370 2172 541 2210 rumque
576 2157 783 2211 partibus3
828 2157 903 2197 sed
940 2157 981 2197 in
1018 2165 1102 2198 toto
1135 2157 1253 2210 quasi
1295 2164 1489 2198 contextu
1526 2157 1720 2197 orationis

372 2219 472 2260 111100
496 2227 614 2260 erunt
649 2219 908 2260 inlustranda
943 2219 1142 2268 maxime,
1180 2233 1303 2272 quem
1335 2220 1387 2259 ad
1417 2219 1585 2260 modum
1611 2218 1721 2271 quis-

372 2297 449 2334 que
475 2291 716 2337 generatus,
745 2297 866 2335 quem
893 2283 946 2322 ad
970 2283 1139 2323 modum
1165 2283 1382 2330 educatus,
1410 2296 1531 2334 quem
1558 2281 1610 2321 ad
1633 2296 1720 2321 mo-

371 2345 467 2384 dum
492 2344 702 2384 institutus
724 2352 989 2397 moratusque
1014 2344 1155 2393 fuerit3
1182 2351 1234 2393 et,
1262 2344 1295 2384 si
1321 2343 1419 2396 quid
1439 2343 1503 2383 0111
1524 2357 1719 2396 magnum

374 2414 443 2445 aut.
477 2406 715 2446 incredibile
754 2405 965 2453 acciderit,
1003 2406 1263 2458 maximeque
1296 2405 1329 2445 si
1355 2405 1396 2445 id
1432 2405 1627 2445 divinitus
1654 2418 1724 2444 ac-

372 2467 520 2508 cidisse
546 2468 724 2522 potuerit
748 2467 896 2516 vi<leri3
935 2476 1021 2508 tum
1047 2482 1151 2520 quae
1178 2468 1350 2520 quisque
1377 2466 1569 2516 senserit,
1606 2466 1718 2507 dixe—

372 2528 440 2576 rit,
477 2529 670 2582 gesserit,
709 2529 761 2569 ad
787 2544 852 2577 ea,
891 2544 996 2582 quae
1027 2530 1240 2583 proposita
1277 2537 1390 2577 sunt,
1428 2529 1622 2568 virtutum
1648 2542 1719 2582 ge-

372 2604 468 2629 nera
495 2591 935 2638 adcommodabuntur,
974 2606 1025 2631 ex
1055 2590 1216 2643 illisque
1252 2589 1445 2644 [eisdem]
1484 2588 1717 2630 inveniendi

373 2650 472 2690 loeis
500 2665 647 2692 causae
684 2668 820 2693 rerum
846 2660 886 2693 et
911 2660 1085 2693 eventus
1110 2660 1151 2693 et
1180 2652 1474 2705 consequentia
1508 2651 1717 2704 requiren-

374 2720 449 2751 tur.
511 2727 644 2764 neque
676 2728 771 2754 vero
808 2729 919 2755 mors
957 2729 1117 2760 eorum,
1155 2728 1327 2766 quorum
1359 2713 1442 2753 vita
1472 2712 1716 2758 laudabitur,
