1859 3069
548 223 755 258 ORATOR
784 223 985 257 105-113.
1359 214 1438 254 301

92 307 343 349 varietatem.
404 322 456 347 an
487 320 564 360 ego
598 307 801 354 Homero,
839 304 995 352 Ennio,
1032 303 1200 356 reliquis
1237 302 1370 357 poe'tis
1403 311 1442 343 et

91 369 267 410 maxime
293 368 460 423 tragicis
487 368 775 415 concederem,
806 374 851 406 ut
876 381 927 407 ne
953 366 1143 407 omnihus
1168 365 1269 406 locis
1297 365 1440 406 eadem

91 431 351 473 contentione
378 438 589 471 uterentur
613 431 839 482 crebroque
864 436 1082 477 mutarent,
1109 443 1191 468 non
1216 442 1440 481 numquam

89 494 213 535 etiam
252 493 304 533 ad
340 492 591 533 cotidianum
634 506 766 546 genus
805 490 1006 531 sermonis
1050 490 1311 531 accederent:
1353 490 1442 545 ipse

89 570 315 609 numquam
343 556 394 595 ab
420 555 490 595 illa
522 554 719 595 acerrima
752 553 1013 594 contentione
1052 552 1332 594 discederem?
1370 552 1443 593 sed

91 618 189 670 quid
220 622 364 672 poetas
397 617 536 658 divino
567 616 732 671 ingenio
763 615 953 670 profero?
990 614 1210 656 histriones
1244 630 1314 656 eos
1340 615 1444 655 vidi-

90 695 196 727 mus,
223 680 371 732 quibus
398 679 498 719 nihil
523 686 666 734 posset.
690 678 730 717 in
757 693 832 718 suo
857 692 1008 731 genere
1035 692 1126 718 esse
1151 677 1442 732 praestantius,

91 742 161 795 qui
192 758 275 783 non
307 742 441 782 solum
472 741 514 781 in
546 739 831 781 dissimillimis
868 739 1057 794 personis
1091 740 1190 780 satis
1222 739 1442 783 faciebant,

92 819 185 845 cum
212 812 422 857 tamquam
452 804 495 843 in
522 803 607 843 suis
641 810 923 850 versarentur,
962 802 1036 842 sed
1061 813 1101 843 et
1132 802 1376 843 comoedum
1402 802 1440 841 in

91 866 314 920 tragoediis
346 874 385 906 et
416 865 660 919 tragoedum
691 864 733 903 in
765 863 988 904 comoediis
1027 864 1250 904 admodum
1280 865 1442 919 placere

91 928 287 968 vidimus:
326 942 404 982 ego
435 942 518 967 non
555 926 788 967 elaborem?
824 940 918 966 cum
950 926 1040 966 dico
1077 941 1161 975 me,
1199 933 1258 975 te,
1295 928 1439 975 Brute,

91 991 201 1039 dieo,
227 1005 323 1030 nam
348 990 391 1030 in
416 1005 481 1030 me
508 989 674 1042 quidem
700 988 781 1028 iam
805 988 965 1042 pridem
991 988 1185 1029 effectum
1211 998 1292 1037 est,
1331 990 1441 1042 quod

90 1052 273 1092 futurum
321 1051 411 1092 fuit„
483 1058 527 1092 tu
574 1059 712 1091 autem
754 1051 900 1091 eodem
947 1051 1069 1091 modo
1113 1051 1246 1092 omnis
1295 1065 1441 1092 causas

90 1115 215 1168 ages?
258 1121 328 1154 aut
365 1113 533 1167 aliquod
570 1128 789 1153 causarum
824 1128 957 1167 genus
993 1113 1258 1167 repudiabis?
1296 1123 1366 1154 aut
1401 1113 1441 1153 in

88 1176 246 1217 eisdem
277 1176 412 1216 causis
450 1184 696 1231 perpetuum
727 1184 768 1216 et
798 1175 975 1215 eundem
1013 1175 1202 1230 spiritum
1241 1176 1328 1216 sine
1360 1177 1443 1216 ulla

89 1238 408 1284 commutatione
447 1239 677 1280 obtinebis?
748 1238 1058 1279 Demosthenes
1102 1238 1287 1291 quidem,
1326 1239 1441 1280 cuius

88 1316 220 1356 nuper
244 1301 350 1341 inter
374 1301 577 1356 imagines
610 1310 702 1341 tuas
729 1315 776 1341 ac
802 1308 984 1349 tuorum,
1018 1301 1128 1354 quod
1161 1317 1273 1350 eum,
1305 1303 1440 1350 credo,

90 1378 269 1411 amares,
309 1377 401 1403 cum
427 1363 480 1403 ad
510 1371 549 1403 te
574 1363 615 1403 in
642 1363 927 1403 Tusculanum
960 1363 1186 1410 venissem,
1218 1364 1443 1419 imaginem

89 1440 140 1465 ex
167 1440 260 1466 aere
286 1425 389 1473 vidi,
422 1425 521 1465 nihil
547 1425 705 1478 Lysiae
732 1425 955 1465 subtilitate
982 1425 1108 1474 cedit,
1140 1426 1240 1466 nihil
1267 1426 1440 1481 argutiis

88 1494 129 1527 et
154 1487 342 1528 acumine
367 1487 586 1542 Hyperidi,
613 1487 714 1527 nihil
739 1487 905 1528 levitate
930 1488 1133 1528 Aeschini
1158 1497 1198 1528 et
1224 1489 1442 1543 splendore

91 1550 328 1590 verborum:
360 1551 513 1590 multae
546 1558 643 1590 sunt
674 1549 762 1590 eius
794 1557 904 1590 totae
936 1550 1142 1591 orationes
1174 1551 1365 1600 subtiles,
1397 1561 1441 1592 ut

89 1619 231 1652 contra
255 1612 499 1666 Leptine1n3
526 1612 679 1653 multae
705 1619 815 1653 totae
841 1627 1009 1666 graves,
1043 1620 1088 1653 ut
1113 1613 1317 1665 quaedam
1342 1614 1442 1654 Phi-

88 1673 282 1728 lippicae3
310 1674 463 1715 multae
489 1673 639 1719 variae,
665 1682 711 1714 ut
736 1682 879 1715 eontra
897 1674 1153 1714 Aeschinem
1172 1675 1302 1716 falsae
1329 1676 1442 1731 lega-

88 1736 223 1784 tionis,
250 1744 295 1776 ut
316 1745 458 1777 contra
478 1737 655 1777 eundem
674 1751 748 1791 pro
768 1752 807 1777 se
826 1739 867 1776 1η
889 1751 1012 1776 causa
1029 1736 1328 1791 Ctesiphontis.
1359 1738 1440 1779 iam

90 1797 191 1837 illud
216 1798 398 1838 medium
418 1798 608 1851 quotiens
635 1799 719 1839 volt
747 1799 895 1853 adripit
923 1807 963 1839 et
989 1814 1013 1839 a
1038 1799 1286 1854 gravissimo
1309 1800 1442 1841 disce-

88 1859 189 1900 dens
216 1874 264 1900 eo
289 1861 551 1915 potissimum
578 1861 800 1901 delabitur:
841 1861 1041 1901 clamores
1079 1869 1217 1902 tamen
1243 1870 1328 1902 tum
1355 1878 1442 1902 1110-

90 1928 157 1961 vet
183 1929 224 1962 et
253 1929 340 1961 tum
371 1921 412 1961 in
450 1922 625 1963 dicendo
656 1923 879 1977 plurimum
912 1923 1057 1971 efficit,
1096 1937 1190 1963 cum
1226 1925 1441 1978 gravitatis

87 1982 188 2023 locis
224 1983 363 2024 utitur.
426 1984 500 2025 sed
536 1985 587 2025 ab
624 1985 702 2025 hoc
738 2000 960 2040 parumper
997 1986 1213 2035 abeamus,
1258 1987 1443 2039 quando-

88 2045 253 2098 quidem
279 2046 330 2086 de
355 2060 525 2100 genere,
551 2062 634 2087 non
660 2047 710 2088 de
737 2048 901 2088 homine
928 2047 1182 2100 quaerimus:
1207 2048 1266 2088 rei
1290 2049 1440 2103 potius,

88 2107 131 2147 id
156 2115 238 2156 est,
270 2108 530 2160 eloquentiae
555 2109 639 2149 vim
665 2118 706 2151 et
730 2120 919 2150 naturam
946 2110 1220 2164 explicemus:
1257 2111 1358 2151 illud
1383 2120 1443 2152 ta-

87 2183 202 2217 men,
240 2169 350 2221 quod
387 2170 469 2210 iam
501 2181 594 2212 ante
632 2171 830 2220 diximus,
868 2172 1197 2218 meminerimus,
1234 2173 1335 2212 nihil
1367 2189 1442 2215 nos

88 2231 369 2285 praecipiendi
395 2246 521 2273 eausa
545 2247 637 2274 esse
665 2234 844 2275 dicturos
872 2244 994 2287 atque
1020 2234 1077 2274 ita
1101 2235 1238 2289 potius
1266 2244 1441 2283 acturos,

88 2300 134 2331 ut
165 2292 469 2334 existimatores
502 2295 715 2335 videamur
752 2296 881 2349 loqui,
920 2311 1002 2337 11011
1038 2297 1244 2351 magistri3
1283 2297 1323 2337 in
1361 2312 1441 2351 quo

90 2362 228 2394 tamen
253 2354 417 2409 longius
453 2357 760 2411 progredimur,
798 2359 908 2411 quod
944 2359 1131 2399 videmus
1168 2374 1251 2400 non
1277 2370 1315 2400 te
1342 2360 1443 2400 haec

91 2416 223 2456 solum
249 2431 341 2457 esse
367 2417 587 2467 lecturum,
628 2419 695 2472 qui
722 2435 770 2460 ea
794 2420 923 2461 multo
949 2435 1073 2473 quam
1097 2436 1192 2469 nos,
1231 2421 1299 2474 qui
1325 2422 1443 2475 quasi

90 2478 237 2519 docere
274 2479 505 2528 videamur,
544 2480 698 2523 habeas
735 2482 914 2531 notiora,
954 2483 1026 2523 sed
1058 2483 1166 2523 hune
1202 2483 1352 2524 librum
1384 2493 1442 2525 et-

90 2540 209 2580 iamsi
239 2540 374 2582 minus
413 2550 555 2582 nostra
591 2544 966 2593 commendatione,
1006 2552 1076 2585 tuo
1108 2553 1245 2586 tamen
1277 2546 1441 2587 nomine

90 2601 291 2656 ‹livolgari
317 2617 488 2644 neeesse
514 2613 588 2644 est.

1467 302 1504 334 ,Ἦ

1470 350 1517 373 10¹.)

1468 950 1517 973 110

1468 1572 1512 1594 111

1469 2008 1516 2030 112

169 2664 276 2705 Esse
301 2665 426 2719 igitur
456 2666 639 2720 perfecte
679 2667 907 2720 eloquentis
944 2677 1043 2723 puto
1077 2684 1157 2709 non
1183 2685 1274 2710 eam
1306 2670 1438 2712 solum
1465 2668 1509 2701 3⁶2

90 2726 328 2767 facultatem
366 2727 538 2776 habere,
577 2742 681 2781 quae
720 2729 770 2770 sit
807 2730 894 2770 eius
932 2731 1115 2786 propria,
1153 2732 1245 2773 fuse
1277 2733 1439 2786 lateque

1467 2718 1514 2740 11³
