1859 3069
286 1214 331 1248 44

280 1849 328 1873 163

281 2282 328 2307 104

363 207 389 248 10

391 207 446 249 32
762 217 812 250 M.
838 214 1017 250 TULLn
1042 198 1305 251 e1eERox1s

360 304 459 338 natu
485 297 704 350 quicquam
730 294 939 335 audivisse
964 293 1107 335 videor
1132 302 1173 335 et
1197 309 1291 336 cum
1323 295 1537 351 conlegam
1565 294 1709 336 Crassi

361 358 482 400 eredo
508 357 664 398 fuisse.’
726 355 936 396 ‘omnibus
970 355 1136 408 quidem
1173 356 1279 397 aliis'
1318 357 1486 410 inquam
1528 357 1587 397 ‘in
1623 372 1710 397 ma-

360 420 619 474 gistratibus,
652 417 726 458 sed
751 417 939 458 tribunus
971 432 1078 458 anno
1103 425 1199 472 post
1223 418 1301 459 fuit
1325 433 1455 471 eoque
1479 419 1520 458 in
1544 418 1708 459 Rostris

360 481 529 522 sedente
555 479 685 519 suasit
712 478 932 520 Serviliam
957 479 1094 534 legem
1119 478 1314 521 Crassus.
1373 495 1469 520 nam
1493 494 1709 521 censuram

359 542 447 582 sine
474 540 680 581 Scaevola
709 540 838 595 gessit
848 557 858 589 3
897 555 993 582 eum
1017 541 1127 582 enim
1157 541 1445 595 magistratum
1474 555 1596 581 nemo
1620 556 1710 581 um-

358 617 482 656 quam
508 601 807 643 Scaevolarum
842 602 1001 658 petivit.
1063 603 1137 644 sed
1173 603 1276 644 haec
1302 602 1447 645 Crassi
1482 617 1576 643 cum
1601 603 1710 644 edita

357 664 487 705 oratio
513 671 596 713 est,
634 678 757 717 quam
783 671 823 706 te
849 680 974 720 saepe
999 664 1153 720 legisse
1179 673 1290 706 certo
1317 665 1422 713 scio,
1454 671 1646 717 quattuor
1671 671 1710 704 et

358 725 526 779 triginta
546 723 671 780 [tum]
694 725 875 767 habebat
894 742 1024 767 annos
1046 726 1299 780 totidemque
1320 726 1436 767 annis
1456 725 1557 766 mihi
1577 732 1709 766 aetate

356 788 609 842 praestabat.
670 788 734 829 his
760 788 870 830 enim
895 789 1135 830 consulibus
1161 804 1253 830 cam
1278 788 1413 841 legem
1441 787 1588 836 suasit,
1620 786 1710 840 qui-

357 850 434 890 bus
471 849 558 890 nati
595 864 758 899 sumus,
795 864 889 891 eum
925 850 1014 905 ipse
1051 858 1164 891 esset
1199 850 1253 902 Q.
1292 849 1504 905 Caepione
1541 849 1709 890 consule

354 917 476 951 natus
503 918 543 951 et
569 909 618 952 C.
645 911 813 961 Laelio,
851 912 1025 953 triennio
1049 912 1141 967 ipso
1172 912 1306 953 minor
1330 926 1454 965 quam
1478 911 1687 952 Antonius
1697 927 1707 960 ;

355 972 467 1025 quod
501 972 654 1014 ideirco
689 973 830 1028 posui,
867 982 914 1014 ut
949 974 1112 1015 dicendi
1140 974 1294 1015 Latine
1330 973 1464 1029 prima
1492 973 1707 1013 maturitas

354 1033 397 1074 in
433 1048 516 1088 qua
553 1041 687 1076 aetate
725 1035 966 1083 exstitisset,
992 1042 1137 1090 posset
1161 1036 1295 1078 notari
1326 1043 1366 1077 ct
1401 1035 1708 1088 intellegeretur

355 1094 437 1136 iam
463 1096 516 1137 ad
540 1111 747 1137 summum
765 1112 897 1153 paene
918 1112 1010 1139 esse
1029 1098 1283 1153 perductam,
1309 1104 1355 1138 ut
1379 1112 1427 1138 eo
1452 1097 1553 1136 nihil
1578 1097 1707 1137 ferme

356 1157 576 1211 quisquam
607 1159 759 1200 addere
789 1167 951 1215 posset,
988 1159 1069 1200 nisi
1099 1159 1169 1212 qui
1200 1175 1223 1200 a
1247 1158 1528 1214 philosophia,
1566 1173 1590 1199 a
1620 1158 1707 1198 iure

356 1218 482 1269 civili,
515 1220 567 1260 ab
593 1219 766 1262 historia
790 1220 939 1262 fuisset
962 1220 1225 1261 inst1·uctior.'
1287 1220 1413 1269 ‘erit,’
1446 1219 1577 1273 inquit
1600 1220 1708 1260 Bru-

355 1287 441 1330 tus,
479 1284 569 1322 ‘aut
603 1282 687 1323 iam
718 1289 783 1324 est
815 1282 912 1332 iste,
950 1297 1073 1335 quem
1110 1282 1370 1337 exspectas?
1410 1281 1608 1330 ‘nescim'
1645 1281 1708 1321 in-

354 1342 504 1394 quam.'
565 1344 661 1385 ‘sed
695 1352 759 1385 est
795 1344 918 1386 etiam
954 1344 1008 1385 L.
1036 1342 1181 1385 Crassi
1216 1344 1258 1384 in
1294 1343 1512 1385 consulatu
1544 1358 1619 1398 pro
1652 1342 1706 1394 Q

357 1402 570 1459 Caepione
602 1405 843 1447 defensione
879 1406 1019 1447 iuncta
1054 1421 1138 1447 non
1167 1405 1306 1446 brevis
1343 1412 1389 1446 ut
1423 1404 1625 1453 laudatio,
1663 1413 1708 1445 ut

355 1467 486 1508 oratio
511 1474 649 1508 autem
673 1468 832 1517 brevis3
869 1475 1081 1524 postrema
1105 1467 1287 1509 censoris
1319 1467 1468 1517 oratio,
1494 1481 1575 1520 qua
1600 1481 1706 1507 anno

355 1526 837 1584 duodequinquagesimo
881 1545 983 1571 usus
1030 1537 1106 1571 est.
1176 1529 1219 1570 in
1260 1529 1323 1570 his
1368 1529 1559 1571 omnibus
1600 1528 1708 1569 inest

354 1588 522 1640 quidam
549 1590 636 1632 sine
666 1591 751 1632 ullo
788 1591 883 1633 fuco
920 1591 1105 1632 veritatis
1143 1591 1273 1632 color:
1312 1590 1411 1644 quin
1441 1591 1565 1632 etiam
1596 1604 1707 1632 com-

353 1650 574 1704 prehensio
600 1659 640 1692 et
665 1652 843 1694 ambitus
868 1653 937 1694 ille
963 1653 1196 1702 verborum,
1226 1651 1298 1707 [si]
1322 1653 1382 1693 sie
1406 1652 1609 1708 περίοδον
1636 1668 1707 1707 ap-

352 1711 498 1766 pellari
521 1713 675 1767 placet,
702 1721 790 1755 erat
814 1715 924 1769 apud
948 1714 1065 1754 illum
1089 1721 1324 1755 contractus
1352 1722 1392 1755 et
1416 1714 1553 1755 brevis
1562 1746 1573 1763 ,
1600 1722 1639 1755 ct
1663 1714 1705 1754 in

352 1774 539 1814 membra
569 1775 792 1827 quaedam,
828 1789 935 1829 quae
959 1777 1077 1816 κῶλα
1104 1775 1254 1816 Graeci
1286 1784 1453 1824 vocant,
1491 1775 1706 1830 dispertie-

354 1835 425 1875 bat
449 1835 677 1877 orationem
726 1836 947 1878 libentius?
1008 1837 1085 1878 hoc
1121 1837 1212 1879 loco
1236 1837 1392 1877 Brutus
1432 1837 1706 1890 ‘quandoqui-

354 1896 449 1937 dem
474 1903 518 1937 tu
541 1897 643 1938 istos
670 1899 887 1948 oratores,'
924 1899 1074 1952 inquit,
1114 1903 1247 1940 ‘tanto
1273 1914 1396 1953 opere
1422 1898 1588 1947 laudas,
1620 1899 1706 1939 vel-

352 1957 434 1998 lem
479 1957 635 2011 aliquid
669 1960 856 2001 Antonio
899 1968 1062 2015 praeter
1098 1960 1214 2000 illum
1251 1961 1301 2001 de
1342 1960 1500 2001 ratione
1543 1960 1705 2002 dicendi

354 2034 454 2060 sane
491 2020 641 2061 exilem
676 2021 881 2071 libellum,
923 2022 1042 2076 plura
1079 2021 1235 2063 Crasso
1277 2022 1466 2063 libuisset
1507 2022 1703 2071 scribere3

356 2094 449 2120 cum
475 2081 585 2122 enim
609 2082 799 2123 omnibus
825 2083 1066 2124 memoriam
1087 2084 1163 2133 sui,
1191 2090 1277 2124 tum
1291 2083 1415 2124 etiam
1447 2083 1706 2138 disciplinam

354 2142 519 2183 dicendi
553 2143 673 2185 nobis
715 2144 997 2198 reliquissent3
1035 2160 1133 2185 nam
1165 2143 1393 2186 Scaevolae
1425 2144 1587 2186 dicendi
1624 2145 1706 2186 cle-

352 2204 537 2258 gantiam
562 2205 661 2247 satis
688 2221 740 2247 ex
765 2206 823 2247 eis
849 2206 1122 2256 orationibus,
1161 2222 1263 2260 quas
1288 2207 1472 2260 reliquit,
1504 2207 1704 2248 habemus

353 2266 588 2320 cognitam?
648 2274 690 2308 et
713 2282 792 2323 ego
849 2268 969 2309 ‘mihi
1005 2268 1172 2322 quidem
1205 2284 1229 2310 a
1259 2269 1435 2323 pueritia
1471 2268 1589 2322 quasi
1619 2284 1705 2309 ma-

352 2327 483 2381 gistra
506 2328 599 2369 fuit’
638 2328 807 2382 inquam
864 2330 953 2371 ‘illa
983 2330 1025 2370 in
1055 2330 1190 2385 legem
1217 2329 1440 2386 Caepionis
1477 2330 1625 2379 oratio,
1663 2330 1703 2370 in

353 2403 434 2441 qua
464 2397 505 2431 et
540 2391 761 2432 auctoritas
799 2399 967 2433 ornatur
1005 2400 1193 2442 senatus,
1231 2407 1311 2446 quo
1347 2408 1421 2447 pro
1459 2392 1600 2433 ordine
1636 2392 1705 2432 illa

354 2451 560 2501 dicuntur,
588 2460 628 2494 et
652 2453 808 2494 invidia
832 2454 1059 2495 concitatur
1083 2454 1126 2494 in
1149 2454 1330 2494 iudicum
1355 2461 1395 2495 et
1418 2454 1460 2494 in
1492 2460 1704 2494 accusato-

352 2527 443 2552 rum
468 2514 702 2564 faetionem,
729 2523 871 2556 eontra
895 2530 1068 2568 quorum
1092 2516 1318 2570 potentiam
1341 2515 1593 2571 populariter
1618 2522 1703 2555 tum

354 2574 572 2616 dicendum
608 2576 698 2618 fuit.
764 2577 892 2618 multa
927 2577 970 2618 in
1005 2578 1075 2618 illa
1110 2578 1294 2619 oratione
1332 2578 1531 2631 graviter,
1573 2575 1701 2617 multa

354 2635 515 2685 leniter,
559 2638 688 2680 multa
724 2654 888 2694 aspere,
932 2640 1062 2681 multa
1103 2639 1236 2681 facete
1279 2639 1389 2680 dieta
1429 2646 1541 2687 sunt3
1583 2637 1701 2691 plura

354 2695 476 2736 etiam
503 2697 612 2740 dicta
636 2714 760 2752 quam
792 2701 962 2755 scripta,
1001 2702 1110 2754 quod
1141 2717 1193 2742 ex
1217 2700 1465 2754 quibusdam
1497 2697 1698 2752 capitibus
