1859 3069
441 229 508 264 DE
534 227 774 264 ORATORE
798 228 847 263 II.
870 227 1074 262 293—301.
1357 217 1438 259 127

82 312 267 361 memini,
305 318 442 353 cetera
478 310 520 351 in
545 317 586 351 te
612 325 772 351 summe
810 324 903 351 esse
938 307 1165 357 laudanda,
1202 307 1304 348 illud
1339 323 1439 350 vero

81 374 256 430 improbi
283 389 376 415 esse
408 372 586 414 hominis
613 379 654 413 et
677 371 908 427 perfidiosi,
946 371 1081 411 dicere
1117 370 1228 423 quod
1259 369 1442 410 alienum

82 444 195 478 esset
219 445 259 477 et
282 444 450 476 noceret
477 435 532 483 ei,
569 449 644 489 pro
671 449 751 487 quo
779 433 952 487 quisque
979 433 1130 474 diecret
1140 449 1150 481 3
1184 446 1264 486 qua
1287 447 1331 473 re
1355 447 1442 473 non

83 499 161 539 sibi
199 514 294 539 eum
331 499 550 546 disertum,
588 497 657 550 qui
683 497 726 536 id
755 511 838 537 non
869 496 1043 544 faceret,
1081 494 1229 544 videri,
1267 494 1342 535 sed
1365 494 1443 534 im-

82 562 279 616 probum,
307 560 375 614 qui
401 560 568 600 faceret.
628 572 757 606 nune,
798 558 832 599 31
857 557 930 598 tibi
955 557 1135 606 videtin,
1160 556 1338 605 Antoni,
1371 556 1444 596 de-

83 631 289 664 monstres
316 622 459 671 velim,
496 636 578 674 qua,
601 635 645 661 re
671 628 714 660 tu
740 620 818 660 1100
842 619 900 660 ita
929 634 1127 674 magnum
1162 626 1282 674 putes
1322 616 1443 672 [nihil

84 685 125 725 111
152 700 277 725 causa
302 684 399 724 mali
426 681 604 737 faeere],
644 689 688 722 ut
713 682 813 721 nihil
840 681 913 721 tibi
938 681 979 721 in
1005 690 1165 722 oratore
1190 680 1322 721 maius
1349 694 1443 720 esse

85 746 299 787 videatur?
361 746 515 786 ‘dicam
542 744 752 797 equidem,
792 742 982 792 Caesar,'
1018 743 1150 796 inquit
1177 741 1296 797 [quid
1323 741 1443 783 intel-

85 808 255 864 legann]
285 808 378 849 ‘sed
403 816 441 849 et
467 815 510 848 tu
535 815 576 848 et
600 822 674 847 vos
700 806 778 847 hoc
803 821 966 855 omnes,
1003 806 1153 859 inquit,
1179 812 1444 854 mementote,

87 888 170 911 non
195 886 259 911 me
286 871 336 911 de
361 869 534 925 perfecti
558 869 731 910 oratoris
759 868 971 909 divinitate
998 869 1177 922 quadam
1200 868 1332 921 loqui,
1370 867 1444 908 sed

86 934 137 974 de
187 932 491 974 exercitationis
537 939 578 973 et
625 932 935 972 consuetudinis
983 946 1099 972 meae
1147 930 1443 972 mediocritate.

88 994 233 1036 Crassi
270 994 436 1048 quidem
472 1009 721 1049 responsum
758 993 998 1034 excellentis
1038 993 1253 1034 cuiusdam
1290 1001 1353 1034 est
1382 991 1445 1032 in-

87 1056 197 1112 genii
223 1071 270 1097 ae
303 1056 543 1111 singularis3
581 1056 647 1096 cui
678 1055 845 1109 quidem
880 1055 1061 1110 portenti
1098 1055 1230 1096 simile
1267 1069 1359 1095 esse
1384 1053 1446 1094 vi-

88 1133 181 1158 sum
217 1125 282 1159 est
320 1133 445 1172 posse
485 1118 663 1171 aliquem
699 1117 874 1158 inveniri
918 1124 1141 1166 oratorem,
1185 1116 1254 1170 qui
1290 1115 1445 1169 aliquid

86 1180 183 1220 mali
221 1181 377 1221 faceret
414 1181 588 1221 dicendo
631 1180 880 1233 obessetque
918 1179 975 1229 ei,
1019 1194 1143 1233 quem
1185 1179 1442 1227 defenderet3

87 1242 185 1283 facit
223 1242 332 1283 enim
370 1243 420 1284 de
459 1258 503 1284 se
541 1242 839 1292 coniecturam,
884 1242 999 1283 euius
1038 1250 1152 1282 tanta
1188 1241 1250 1282 vis
1287 1239 1442 1295 ingenii

89 1313 170 1354 est,
213 1312 259 1345 ut.
293 1305 502 1345 neminem
539 1304 620 1345 nisi
663 1305 852 1345 consulto
888 1312 1024 1359 putet,
1067 1303 1179 1357 quod
1222 1310 1364 1344 eontra
1401 1316 1445 1343 se

87 1367 225 1421 ipsum
252 1366 322 1415 sit,
361 1360 535 1415 dicere,
557 1365 651 1421 [sed
676 1381 754 1421 ego
791 1382 875 1407 non
912 1367 962 1407 de
1003 1365 1230 1421 praestanti
1267 1365 1445 1418 quadam

89 1437 128 1469 et
165 1428 333 1478 eximia,
378 1429 452 1469 sed
490 1428 655 1484 proprie
696 1429 746 1469 de
782 1428 942 1484 volgari
979 1436 1020 1469 et
1056 1427 1263 1469 communi
1304 1427 1446 1482 lingua

90 1489 388 1545 disputabam]
462 1498 508 1531 ut
545 1490 655 1545 apud
693 1489 878 1531 Graecos
916 1490 1045 1531 fertur
1079 1489 1309 1531 incredibili
1345 1504 1445 1542 qua-

90 1552 187 1592 dam
222 1552 507 1607 magnitudine
545 1552 705 1594 consilii
742 1561 865 1605 atque
894 1552 1051 1607 ingenii
1074 1551 1345 1593 Atheniensis
1376 1551 1445 1592 ille

90 1614 219 1655 fuisse
246 1615 570 1665 Themistocles3
608 1616 660 1656 ad
691 1629 814 1669 quem
850 1615 1017 1668 quidam
1055 1615 1198 1657 doetus
1236 1615 1358 1656 1101110
1385 1622 1446 1655 at-

90 1690 168 1729 que
204 1676 247 1716 in
282 1677 424 1731 primis
469 1677 653 1718 eruditus
696 1677 923 1719 necessisse
966 1677 1113 1718 dicitur
1154 1677 1272 1730 eique
1316 1684 1446 1718 artem

89 1738 325 1787 memoriae,
351 1753 457 1792 quae
483 1746 571 1780 tum
594 1739 775 1794 primum
799 1739 1098 1794 proferebatur,
1124 1738 1331 1794 pollicitus
1352 1753 1445 1780 esse

91 1814 135 1840 se
162 1800 424 1850 traditurum3
461 1815 556 1841 eum
582 1801 651 1842 ille
678 1802 911 1855 quaesisset
942 1801 1140 1854 quidnam
1170 1801 1241 1841 illa
1265 1815 1331 1841 ars
1358 1800 1447 1841 effi-

91 1876 182 1903 cere
206 1870 368 1917 posset,
406 1862 563 1904 dixisse
588 1864 706 1904 illum
737 1864 966 1913 doctorem,
1003 1870 1049 1903 ut
1074 1862 1212 1904 omnia
1236 1862 1447 1904 meminis-

92 1933 172 1973 set3
211 1923 272 1978 [et
295 1924 361 1980 ei]
379 1925 707 1967 Themistoclem
735 1926 1004 1981 respondisse
1037 1925 1195 1980 gratius
1228 1925 1307 1966 sibi
1330 1925 1447 1965 illum

92 2001 184 2026 0330
210 1987 433 2037 facturum,
471 1987 506 2028 si
532 2003 576 2029 se
602 1987 791 2029 oblivisci
816 2002 920 2041 quae
946 1988 1071 2029 vellet
1096 2002 1219 2041 quam
1244 1987 1280 2028 si
1303 1987 1447 2028 memi-

91 2048 203 2089 nisse
241 2049 463 2092 doeuisset.
534 2051 705 2092 videsne
742 2066 848 2105 quae
884 2051 947 2092 vis
983 2051 1026 2092 in
1062 2051 1228 2092 homine
1260 2050 1446 2092 acerrimi

92 2110 265 2164 ingenii,
303 2125 426 2164 quam
450 2119 598 2166 potens
624 2120 665 2154 et
690 2121 845 2167 quanta
876 2128 992 2155 mens
1024 2114 1173 2154 fuerit?
1209 2113 1279 2166 qui
1304 2112 1361 2153 ita
1383 2127 1448 2154 re-

94 2172 323 2227 sponderit,
360 2180 406 2214 ut
429 2174 670 2229 intellegere
705 2175 916 2231 possimus
952 2175 1054 2216 nihil
1080 2191 1132 2216 ex
1155 2175 1264 2215 illius
1296 2174 1446 2225 animo,

93 2234 205 2287 quod
241 2234 369 2275 semel
405 2243 516 2277 esset
550 2236 754 2286 infusum,
797 2252 995 2291 umquam
1031 2237 1201 2279 effluere
1242 2236 1445 2292 potuisse3

94 2310 187 2336 011111
224 2295 391 2349 quidem
426 2297 464 2337 ei
501 2297 625 2345 fuerit
661 2298 882 2353 optabilius
925 2299 1114 2341 oblivisci
1148 2314 1273 2354 posse
1308 2298 1446 2354 potius

95 2358 206 2411 quod
229 2358 468 2400 meminisse
492 2360 621 2401 nollet
656 2375 779 2414 quam
804 2361 916 2415 quod
952 2361 1080 2402 semel
1111 2361 1296 2402 audisset
1321 2361 1447 2402 vidis-

95 2429 210 2461 setve
247 2421 498 2463 meminisse.
571 2422 646 2463 sed
679 2438 815 2477 neque
849 2430 1018 2478 propter
1059 2423 1139 2465 1100
1175 2423 1446 2465 Themistocli

94 2498 342 2538 responsum
365 2484 589 2526 memoriae
624 2485 746 2526 nobis
772 2500 899 2541 opera
934 2486 1073 2527 danda
1101 2501 1185 2527 non
1214 2493 1278 2527 est
1311 2500 1446 2539 neque

94 2544 166 2585 illa
202 2560 295 2586 mea
332 2545 468 2587 cautio
493 2553 536 2587 et
565 2546 764 2588 timiditas
789 2547 832 2588 in
856 2547 992 2588 causis
1028 2555 1198 2603 propter
1232 2556 1446 2603 praestan-

95 2616 177 2648 tem
212 2608 477 2663 prudentiam
514 2607 660 2650 Crassi
702 2609 965 2665 neglegenda
999 2618 1081 2660 est3
1124 2618 1295 2665 uterque
1337 2611 1446 2652 enim

94 2670 266 2712 istorum
290 2686 374 2712 non
398 2671 499 2712 mihi
529 2672 665 2713 attulit
696 2672 894 2726 aliquam,
934 2673 1009 2714 sed
1044 2688 1162 2714 suam
1199 2672 1447 2728 significavit

1468 738 1487 771 7
1490 737 1511 771 4

1468 786 1518 810 293

1468 1260 1517 1286 280

1471 2068 1521 2094 300

93 2732 343 2775 facultatem.
393 2733 545 2776 etenim
568 2735 775 2789 permulta
794 2741 890 2777 sunt
912 2734 956 2777 in
980 2735 1116 2777 causis
1136 2735 1180 2777 in
1198 2734 1311 2778 omni
1327 2742 1444 2791 parte
1469 2753 1518 2778 301
