1859 3069
422 232 489 266 DF,
516 227 755 265 ORATORE
780 229 826 263 II.
854 226 1058 262 295—232.
1339 217 1414 257 lll

72 327 110 360 te
135 315 254 358 nobis
280 315 322 355 in
347 329 395 355 eo
429 327 580 368 genere
618 310 812 352 tribuisse
848 316 1007 351 tantum
1032 314 1073 349 et
1096 322 1178 348 non
1208 306 1330 347 huius
1360 306 1420 347 rei

72 393 234 434 quoque
270 377 451 433 palmam
479 374 543 430 [ut
580 372 827 428 ceterarum]
856 371 1011 413 Crasso
1047 369 1271 411 detulisse?
1333 376 1420 409 tum
1446 386 1495 411 228

71 441 282 483 Antonius
316 444 413 494 ‘ego
438 453 537 479 vero
562 437 620 478 ita
650 434 876 484 fccisscm‚’
914 433 1047 488 inquit
1082 432 1181 474 ‘nisi
1215 432 1422 473 interdum

72 505 113 545 in
150 504 229 544 hoc-
266 502 423 544 Crasso
465 500 637 557 paulum
677 498 924 548 inviderem3
966 512 1062 538 nam
1098 511 1190 538 esse
1232 495 1421 550 quamvis

74 567 253 607 facetum
279 573 400 618 atque
438 564 595 604 salsum
618 577 702 603 non
726 560 848 602 nimis
884 567 948 601 est
971 574 1045 614 per
1077 573 1121 600 sc
1156 559 1294 614 ipsum
1317 558 1423 599 invi-

73 629 272 676 dendumg
311 627 385 667 sed
413 640 508 666 cum
545 624 727 666 omnium
754 623 806 663 sit
829 621 1146 664 venustissimus
1173 628 1214 662 et
1235 621 1424 662 urbanis-

75 690 221 737 simus,
264 689 447 729 omnium
474 687 766 742 gravissimum
791 692 832 726 et
858 683 1166 725 severissimum
1197 690 1238 725 et
1267 698 1359 725 esse
1385 690 1426 724 ct

74 752 221 800 videri,
259 751 369 804 quod
400 750 469 791 isti
500 748 700 803 contingit
730 747 820 797 uni,
861 746 939 802 [id]
973 746 1073 786 mihi
1109 746 1180 787 vix
1208 746 1423 786 ferendum

77 813 315 853 videbatur?
376 811 442 851 hic
468 825 561 851 cum
586 809 797 851 adrisisset
822 809 912 864 ipsc
939 808 1137 857 Crassus,
1175 811 1236 848 ‘at
1260 807 1424 856 tamen,’

72 874 204 927 inquit
226 874 436 914 Antonius
468 877 580 913 ‘cum
606 879 736 912 artem
767 886 860 912 esse
885 870 1145 920 facetiarum,
1181 869 1275 920 Iuli,
1299 870 1426 911 ullam

73 950 268 990 negares,
309 934 505 990 aperuisti
542 933 756 987 quiddam,
789 933 901 986 quod
940 932 1277 988 praecipiendum
1313 932 1427 973 vidc-

74 1011 155 1037 tur:
183 997 323 1037 haberi
353 996 462 1037 cniin
491 995 631 1036 dixisti
655 995 856 1036 rationem
882 1002 1071 1050 oportere
1097 994 1327 1044 hominum,
1352 995 1425 1044 rei,

76 1058 290 1113 temporis,
327 1074 379 1099 ne
415 1058 515 1111 quid
550 1058 665 1099 iocus
697 1058 748 1098 dc
783 1057 986 1112 gravitate
1022 1057 1278 1112 decerperet3
1316 1057 1427 1111 quod

73 1120 238 1174 quidem
274 1120 317 1161 in
351 1120 496 1175 primis
535 1135 559 1160 a
596 1118 753 1160 Crasso
797 1119 1010 1160 observari
1047 1119 1164 1160 solet.
1237 1119 1311 1160 sed
1346 1119 1425 1160 hoc

75 1191 339 1238 pracceptum
373 1181 830 1237 praetcrmittendarum
861 1188 925 1222 est
949 1181 1209 1231 facetiarum,
1248 1195 1341 1222 cum
1366 1181 1424 1222 eis

75 1244 176 1285 nihil
201 1260 304 1300 opus
332 1244 401 1293 sit,
438 1260 514 1286 nos
547 1251 685 1285 autem
710 1258 790 1297 quo
822 1244 945 1285 modo
982 1250 1166 1293 utamur,
1203 1258 1296 1284 cum
1321 1259 1424 1299 opus

75 1307 146 1353 sit,
187 1306 443 1359 quaerimus,
480 1313 525 1347 ut
561 1306 602 1346 in
640 1305 924 1347 adversarium
960 1312 1001 1347 ct
1030 1305 1228 1355 maxime,
1266 1305 1300 1346 si
1337 1306 1424 1347 cius

76 1369 249 1409 stultitia
274 1369 425 1423 poterit
451 1369 616 1424 agitari3
653 1369 696 1409 in
721 1376 869 1410 testem
895 1368 1084 1417 stultum,
1124 1368 1337 1423 cupidum,
1368 1369 1426 1410 le-

76 1445 182 1474 vem,
211 1431 245 1470 si
270 1431 390 1472 facilc
417 1430 603 1472 homines
631 1430 807 1471 audituri
832 1431 1093 1472 videbuntur.
1142 1430 1307 1472 omnino
1331 1445 1427 1486 pro-

78 1492 276 1533 babiliora
301 1500 408 1538 sunt,
439 1507 543 1546 quae
568 1492 751 1533 lacessiti
776 1492 950 1533 dicimus
977 1507 1099 1546 quam
1125 1507 1229 1546 quac
1252 1492 1423 1548 priores,

75 1569 172 1594 nam
197 1562 236 1595 ct
260 1554 416 1609 ingenii
451 1554 638 1595 celeritas
675 1554 806 1595 maior
837 1561 918 1604 cst,
956 1569 1061 1608 quae
1092 1562 1263 1610 apparet
1291 1554 1333 1595 in
1362 1569 1426 1596 rc-

77 1615 336 1669 spondendo,
375 1624 416 1657 ct
442 1616 708 1657 humanitatis
734 1623 798 1657 cst
828 1616 1063 1671 responsi03
1101 1617 1287 1658 videniur
1317 1617 1426 1658 enim

76 1676 251 1729 quicturi
286 1677 436 1727 fuisse,
481 1678 560 1718 nisi
596 1693 782 1719 essemus
819 1678 1019 1728 lacessiti,
1063 1685 1110 1719 ut
1144 1678 1186 1719 in
1221 1678 1313 1734 ipsa
1346 1678 1427 1720 ista

77 1738 265 1779 contione
290 1739 391 1780 nihil
416 1740 502 1781 fere
529 1740 683 1780 dictum
708 1747 772 1780 est
796 1740 847 1780 ab
872 1739 963 1790 hoc,
990 1741 1101 1793 quod
1127 1741 1291 1794 quidem
1315 1740 1427 1782 facc-

75 1800 154 1840 tius
181 1801 335 1841 dictum
360 1801 586 1851 videretur,
625 1802 736 1855 quod
760 1818 843 1843 non
868 1810 1116 1857 provocatus
1147 1803 1425 1858 responderit3

76 1869 162 1902 crat
187 1870 323 1903 autem
348 1870 463 1905 tanta
487 1864 530 1904 in
554 1863 740 1905 Domitio
765 1865 960 1919 gravitas,
980 1871 1095 1905 tanta
1113 1865 1348 1915 auctoritas,
1369 1872 1426 1914 ut,

76 1925 186 1977 quod
228 1932 340 1966 esset
376 1926 427 1966 ab
463 1941 512 1967 eo
552 1926 777 1976 obiectum,
820 1926 961 1981 lepore
1002 1927 1136 1981 magis
1183 1927 1428 1968 elevandum

76 2001 199 2038 quani
225 1988 483 2029 contentione
510 1988 786 2043 frangendum
810 1988 1042 2030 videretur?
1103 1996 1191 2029 tum
1217 1987 1426 2044 Sulpicius

77 2047 195 2099 ‘quid
219 2047 367 2102 igitur?
391 2049 610 2104 patiemur’
636 2050 768 2104 inquit
793 2048 1055 2100 ‘Cacsarcm‚
1082 2050 1151 2104 qui
1175 2064 1425 2104 quamquam

79 2108 235 2150 Crasso
261 2110 432 2152 facetias
458 2112 659 2162 concedit,
686 2120 824 2154 tamen
842 2113 971 2155 multo
996 2113 1038 2154 in
1064 2129 1112 2155 co
1139 2114 1274 2155 studio
1293 2114 1427 2169 magis

78 2170 167 2225 ipse
193 2170 395 2221 elaborat,
432 2188 516 2214 non
541 2174 746 2229 explicare
770 2175 890 2216 nobis
917 2182 1047 2217 totum
1072 2191 1204 2231 genus
1231 2176 1350 2230 quale
1376 2176 1429 2217 sit

78 2240 119 2272 ct
142 2232 251 2272 uude
289 2233 478 2284 ducatui-3
515 2236 759 2290 pracsertim
789 2251 882 2277 cuin
920 2245 1078 2278 tantam
1102 2237 1187 2278 vim
1212 2245 1253 2279 et
1275 2238 1428 2279 utilita-

78 2301 160 2334 tem
187 2293 283 2334 salis
310 2301 351 2335 et
374 2296 616 2338 urbanitatis
642 2313 734 2339 csse
772 2299 991 2340 fateatur‘P’
1032 2299 1167 2353 ‘quid,
1207 2299 1258 2341 si’
1295 2300 1428 2354 inquit

78 2355 206 2396 Iulius
231 2356 457 2399 ‘adsentior
469 2358 654 2400 Antonio
676 2360 828 2401 dicenti
846 2361 1001 2402 nullam
1022 2377 1114 2403 csse
1134 2369 1264 2403 artem
1284 2362 1426 2404 salis?'

77 2416 142 2456 hie
169 2431 261 2457 cuin
282 2416 491 2473 Sulpicius
520 2420 765 2471 reticuisset,
792 2422 929 2475 ‘quasi
952 2422 1068 2464 vero'
1095 2422 1227 2476 inquit
1247 2422 1427 2466 Crassus

77 2478 243 2519 ‘horum
272 2479 477 2534 ipsorum,
515 2482 565 2523 de
596 2483 744 2536 quibus
769 2478 979 2526 Antonius
1015 2485 1099 2526 iam
1137 2485 1208 2527 diu
1235 2485 1426 2540 loquitur,

77 2555 143 2581 ars
168 2541 252 2581 ulla
277 2541 348 2582 sit:
374 2543 607 2585 observatio
633 2546 836 2598 quaedam
861 2553 937 2596 est,
961 2553 1008 2588 ut
1030 2547 1120 2602 ipse
1145 2547 1260 2598 dixit,
1286 2563 1427 2590 earum

76 2617 231 2651 rerum,
258 2618 362 2656 quae
386 2604 430 2645 in
455 2605 628 2648 dicendo
654 2607 812 2658 valent,
844 2623 949 2662 quae
975 2609 1010 2651 si
1035 2610 1264 2665 eloquentis
1289 2611 1425 2653 facere

77 2672 237 2719 posset,
265 2667 355 2718 quis
382 2675 493 2709 esset
516 2684 600 2710 non
624 2670 850 2724 eloquens?
875 2671 966 2725 quis
992 2672 1102 2714 enim
1127 2673 1228 2715 haec
1252 2688 1335 2715 non
1359 2674 1425 2715 vel

77 2726 194 2768 facile
226 2727 291 2768 vel
317 2736 426 2771 certe
452 2730 587 2785 aliquo
611 2732 734 2774 modo
764 2740 908 2788 posset
938 2734 1145 2777 ediscere?
1182 2735 1256 2778 sed
1280 2750 1357 2791 ego
1382 2736 1424 2777 iu

1450 827 1498 851 229

1450 1448 1499 1472 230

1452 2442 1501 2468 232
