1859 3069
603 231 807 269 BRUTUS
833 231 990 266 55—62.
1393 219 1475 261 209

205 315 239 356 is
266 314 420 355 dictust
445 313 536 355 ollis
562 313 831 369 popularibus
858 312 969 362 olim,

205 377 274 430 qui
299 384 385 417 tum
412 376 608 417 vivebant
633 376 822 417 homines
848 382 970 429 atque
997 389 1145 415 aevum
1172 373 1397 429 agitabant,

205 440 281 480 fios
309 439 513 480 delibatus
539 438 702 493 populi:

122 502 249 557 probe
285 516 402 550 vero3
444 507 490 541 ut
526 500 636 541 enim
671 499 848 541 hominis
888 499 1014 540 decus
1051 498 1284 554 ingenium,
1321 497 1381 538 sie
1415 496 1478 537 in-
1507 515 1522 539 5

121 563 233 619 genii
262 563 391 618 ipsius
429 563 569 603 lumen
600 570 663 603 cst
695 561 947 615 eloquentia,
985 575 1067 615 qua
1102 561 1237 601 virum
1273 559 1479 601 excellen-

122 634 205 666 tem
230 626 441 680 praeclare
473 632 561 665 tum
585 624 644 665 illi
674 623 864 665 homines
895 623 1040 665 florem
1069 622 1214 679 populi
1245 636 1338 663 esse
1364 621 1478 662 dixe-

122 695 233 737 runt3

548 747 796 799 Suadaeque
822 746 1016 788 medulla.

123 811 276 854 Πειθώ
314 826 438 865 quam
475 818 625 851 vocant
653 810 822 859 Graeci,
865 810 981 850 cuius
1020 809 1190 850 effector
1227 816 1290 850 est
1328 815 1477 856 orator,

123 874 229 914 hanc
256 873 440 914 Suadam
472 872 695 927 appellavit
719 871 882 912 Ennius
892 888 902 921 3
938 870 1044 925 [eius
1077 879 1215 912 autem
1242 870 1477 925 Cethegum

121 935 346 976 medullam
379 934 509 975 fuisse
542 932 666 988 volt,]
700 940 763 982 ut,
801 948 926 986 quam
957 934 1077 974 deam
1102 933 1145 973 in
1169 932 1322 973 Pericli
1352 931 1477 973 labris

123 997 286 1052 scripsit
303 996 480 1051 Eupolis
508 995 783 1044 sessitavisse‚
811 995 932 1036 huius
959 995 1026 1035 hic
1045 995 1270 1036 medullam
1289 1001 1478 1034 nostrum

122 1066 326 1100 oratorem
356 1057 486 1098 fuisse
524 1056 686 1098 dixerit.
747 1064 786 1097 at
817 1057 883 1098 hic
917 1056 1173 1112 [Cethegus]
1208 1056 1353 1098 consul
1384 1070 1477 1095 cum

121 1121 170 1162 P.
203 1120 411 1160 Tuditano
444 1119 521 1160 fuit
550 1119 659 1160 bello
690 1119 851 1160 Punico
889 1119 1072 1160 secundo
1105 1125 1382 1172 quaestorque
1413 1117 1477 1157 his

122 1182 360 1223 consulibus
386 1182 449 1222 M.
479 1180 585 1222 Cato
611 1181 735 1222 modo
760 1181 882 1235 plane
923 1180 1041 1222 annis
1069 1195 1145 1221 ext,
1170 1186 1264 1221 ante
1288 1194 1355 1220 me
1382 1193 1479 1220 con-

123 1244 272 1293 sulem,
317 1251 358 1284 et
393 1243 436 1283 id
471 1243 609 1298 ipsum
645 1243 726 1283 nisi
764 1243 887 1284 unius
931 1250 1043 1284 esset
1078 1242 1205 1283 Ennii
1241 1241 1478 1283 testimonio

122 1305 351 1360 cognitum,
384 1305 494 1345 hunc
519 1313 724 1354 vetustas,
756 1312 803 1346 ut
827 1305 929 1347 alios
961 1305 1139 1346 fortasse
1171 1304 1344 1353 multos,
1376 1302 1479 1344 obli-

122 1368 243 1408 vione
269 1367 495 1408 obruisset:
532 1367 641 1407 illius
674 1374 811 1408 autem
843 1368 989 1408 aetatis
1016 1367 1085 1420 qui
1112 1381 1246 1407 sermo
1278 1365 1402 1406 fuerit
1427 1380 1478 1406 ex

122 1429 346 1471 Naevianis
373 1429 537 1484 scriptis
574 1429 758 1484 intellegi
788 1436 944 1484 potest3
982 1429 1046 1469 his
1081 1429 1190 1469 enim
1223 1427 1477 1475 consulibus,

122 1500 168 1532 ut
196 1492 238 1532 in
269 1491 477 1532 veteribus
511 1491 816 1532 commentariis
849 1491 1049 1546 scriptum
1080 1497 1161 1539 est,
1200 1489 1383 1531 Naevius
1416 1495 1480 1529 est

121 1560 327 1603 mortuus3
354 1567 605 1606 quamquam
621 1554 756 1596 Varro
782 1560 923 1594 noster
944 1552 1284 1607 diligentissimus
1310 1551 1480 1593 investi-

122 1623 240 1669 gator
265 1615 517 1668 antiquitatis
554 1622 672 1670 putat
696 1615 738 1655 in
774 1614 853 1656 hoc
884 1621 1063 1656 erratum
1100 1614 1308 1667 vitamque
1331 1613 1479 1654 Naevii

122 1677 312 1731 producit
347 1676 525 1731 longius.
592 1692 688 1717 nam
723 1676 899 1717 Plautus
935 1677 985 1717 P.
1025 1674 1202 1717 Claudio
1238 1676 1292 1716 L.
1328 1675 1479 1716 Porcio

124 1738 269 1793 viginti
294 1738 411 1778 annis
437 1745 534 1793 post
557 1738 668 1787 illos,
707 1753 810 1791 quos
838 1746 932 1779 ante
965 1738 1067 1787 dixi,
1107 1737 1345 1778 consulibus
1370 1752 1480 1778 mor-

124 1809 218 1841 tuus
250 1808 331 1850 est,
373 1799 535 1842 Catone
567 1815 752 1842 censore.
812 1800 923 1841 hunc
953 1800 1077 1855 igitur
1110 1798 1346 1854 Cethegum
1383 1813 1480 1840 con-

125 1869 289 1904 secutus
315 1869 379 1903 est
410 1870 544 1904 aetate
572 1862 698 1912 Cato,
731 1862 802 1916 qui
827 1862 945 1903 annis
971 1878 1011 1902 1x
1040 1868 1137 1916 post
1161 1876 1255 1902 eum
1281 1861 1359 1902 fuit
1383 1875 1480 1902 eon-

125 1925 201 1965 sul.
262 1940 355 1965 eum
392 1940 468 1966 nos
499 1932 545 1966 ut
580 1932 839 1980 perveterem
876 1925 1095 1973 habemus,
1134 1923 1204 1976 qui
1234 1924 1287 1964 L.
1317 1923 1480 1964 Marcio

126 1986 199 2027 M?
232 1986 408 2027 Manilio
444 1987 683 2029 consulibus
709 1994 896 2028 mortuus
937 1987 1007 2036 sit,
1046 1985 1163 2026 annis
1200 2001 1344 2026 Lxxxvl
1378 1984 1479 2040 ipsis

128 2055 221 2089 ante
246 2063 312 2089 me
338 2049 548 2089 consulem
557 2066 568 2098 3
599 2064 677 2091 nec
706 2065 804 2091 vero
830 2049 964 2090 habeo
998 2062 1248 2102 quemquam
1279 2046 1481 2100 antiquio-

126 2125 231 2158 rem,
265 2110 379 2150 cuius
406 2110 574 2163 quidem
600 2111 752 2166 scripta
776 2110 1026 2166 proferenda
1055 2117 1216 2165 putem,
1252 2109 1333 2149 nisi
1358 2123 1481 2162 quem

127 2171 256 2226 Appii
288 2170 415 2212 Caeci
451 2172 581 2213 oratio
612 2172 716 2213 haec
750 2172 842 2227 ipsa
878 2173 929 2213 de
958 2171 1122 2226 Pyrrho
1155 2179 1196 2212 et
1226 2186 1310 2211 non
1345 2170 1482 2210 nullae

127 2241 382 2273 mortuorum
410 2233 669 2274 laudationes
701 2234 807 2275 forte
838 2234 1057 2275 delectant.
1118 2239 1158 2274 et
1189 2231 1378 2273 hercules
1403 2231 1481 2272 hae

128 2297 294 2349 quidem
319 2304 501 2337 exstant:
527 2297 642 2351 ipsae
663 2297 772 2337 enim
791 2297 972 2338 familiae
998 2313 1074 2338 sua
1098 2296 1216 2350 quasi
1241 2302 1483 2337 ornamenta

129 2374 179 2399 ae
209 2366 474 2399 monumenta
512 2359 734 2400 servabant
763 2366 804 2400 et
834 2359 887 2400 ad
915 2374 1057 2408 usum,
1096 2358 1131 2399 si
1167 2357 1258 2411 quis
1296 2357 1482 2398 eiusdem

128 2419 292 2474 generis
329 2420 567 2469 occidisset,
606 2427 647 2461 et
677 2421 730 2461 ad
760 2421 1001 2462 memoriam
1036 2420 1207 2461 laudum
1237 2419 1483 2461 domestica-

127 2497 219 2522 rum
256 2489 296 2522 et
332 2482 384 2521 ad
419 2481 1013 2524 inlustrandamnobilitatem
1050 2497 1186 2523 suam:
1231 2496 1482 2535 quamquam

128 2543 191 2583 his
212 2543 516 2584 laudationibus
537 2543 710 2584 historia
732 2559 870 2585 rerum
894 2551 1129 2586 nostrarum
1150 2551 1214 2584 est
1233 2544 1343 2584 facta
1368 2558 1482 2584 men-

129 2604 286 2654 dosior3
325 2605 455 2646 multa
486 2605 594 2646 enim
626 2605 780 2660 scripta
812 2613 907 2647 sunt,
937 2606 981 2646 in
1011 2606 1089 2655 eis,
1127 2620 1233 2660 quae
1263 2605 1374 2646 facta
1397 2620 1482 2646 non

130 2673 243 2715 sunt,
288 2667 382 2707 falsi.
418 2667 634 2722 triumphi,
676 2667 815 2722 plures
859 2668 1118 2717 consulatus,
1161 2682 1316 2722 genera
1356 2667 1481 2708 etiam

130 2729 236 2770 falsa
260 2736 300 2770 et
325 2730 377 2770 ad
401 2730 566 2785 plebem
592 2730 875 2781 transitiones,
907 2745 1000 2772 cum
1027 2730 1214 2772 homines
1240 2729 1479 2771 humiliores

199 2796 343 2823 Ciceronis
356 2796 409 2823 rol.
426 2796 459 2824 Il.
1210 2801 1251 2830 14

1509 1073 1523 1096 G
1526 1073 1540 1093 (l

1510 1817 1542 1840 61

1506 2056 1549 2089 16

1511 2249 1543 2274 62
