1859 3069
285 518 329 551 93

278 772 327 796 320

281 1456 330 1481 3:21

351 234 433 276 ‘272
761 238 808 271 M.
836 235 1014 272 TULLII
1040 234 1305 270 CICERONIS

352 325 393 364 in
423 321 609 378 plurimis
649 317 785 359 causis
822 324 863 357 et.
893 316 934 356 in
964 314 1219 371 principibus
1255 315 1438 369 patronis
1477 316 1705 369 quinquen-

352 386 465 425 nium
491 384 576 424 fere
601 386 810 427 versatus,
848 385 936 418 tum
960 377 1002 417 in
1026 376 1255 431 patrocinio
1283 374 1491 418 Siciliensi
1525 377 1705 418 maxime

352 447 394 487 in
419 452 627 486 certamen
652 441 747 482 veni
783 440 1026 495 designatus
1064 438 1208 480 aedilis
1241 452 1335 479 cum
1366 438 1583 494 designato
1609 453 1706 480 con-

355 507 442 548 sule
479 503 721 546 Hortensio.
784 502 858 543 sed
895 500 1091 555 quoniam
1129 499 1263 542 omnis
1301 499 1367 540 hic
1393 515 1528 542 sermo
1565 509 1706 543 noster

352 584 435 610 non
460 568 594 608 solum
619 564 973 606 enumerationem
1004 571 1233 612 oratorum,
1270 577 1415 604 verum
1441 563 1565 604 ctiam
1588 578 1708 618 prac-

353 637 472 684 cepta
509 628 713 681 quaedam
751 626 979 675 desiderat,
1023 626 1122 679 quid
1157 632 1368 678 tamquam
1404 625 1633 665 notandum
1669 633 1710 666 ct

352 689 765 732 animadvcrtcndum
796 688 849 728 sit
878 687 921 728 111
950 686 1178 728 Hortensio
1211 686 1392 727 breviter
1427 686 1523 727 licet
1560 686 1708 727 dicere.

354 769 450 794 nam
480 752 514 793 is
545 758 642 807 post
673 751 935 792 consulatum
959 775 1015 779 ——
1041 749 1163 790 010110
1201 749 1312 802 (111011
1347 749 1506 790 videret
1536 764 1588 790 ex
1613 763 1711 790 con-

353 815 558 856 sularibus
585 813 793 854 neminem
819 828 911 854 esse
939 827 1080 853 secum
1105 811 1444 866 comparandum,
1470 811 1710 866 neglegeret

354 884 493 918 autem
518 891 608 924 eos,
646 875 715 929 qui
752 875 943 916 consules
974 890 1058 916 non
1088 873 1265 915 fuissent
1289 898 1346 902 —-
1371 888 1579 914 summum
1608 873 1712 913 illud

354 955 475 980 suum
501 938 682 979 studium
707 937 884 986 remisit,
923 951 1003 989 quo
1029 951 1053 977 a
1076 951 1205 991 puero
1236 935 1370 976 fuerat
1400 936 1613 985 incensus,
1651 942 1711 975 at-

353 1017 433 1055 que
459 1002 500 1041 in
527 999 710 1041 omnium
734 1014 872 1040 rerum
899 998 1152 1039 abundantia
1182 997 1311 1039 voluit
1335 998 1515 1047 beatius,
1552 1005 1599 1038 ut
1622 997 1711 1052 ipse

354 1064 544 1118 putabat,
570 1061 785 1102 remissius
812 1068 921 1102 certe
947 1060 1098 1101 vivere.
1157 1059 1314 1115 primus
1341 1067 1381 1101 et
1407 1059 1612 1100 secundus
1640 1074 1692 1098 an

354 1141 430 1166 nus
469 1132 510 1165 ct
546 1123 688 1164 tertius
727 1130 888 1163 tantum
924 1122 1043 1175 quasi
1079 1122 1129 1163 de
1166 1122 1350 1176 picturae
1386 1121 1537 1162 veteris
1576 1122 1712 1163 001010

355 1188 609 1235 detraxerat,
654 1193 853 1238 quantum
890 1200 972 1225 non
1010 1184 1143 1237 quivis
1181 1199 1288 1224 unus
1326 1198 1378 1224 ex
1421 1183 1595 1238 popuIO,
1639 1183 1713 1224 5011

354 1249 611 1290 existimator
638 1248 783 1288 doctus
810 1256 850 1287 01
875 1246 1120 1301 intellegens
1146 1253 1290 1300 posset
1316 1260 1586 1300 cognosccrc;
1624 1245 1714 1285 lon-

355 1311 447 1367 gius
475 1318 613 1351 autem
642 1309 873 1365 procedens
899 1317 944 1349 ut
968 1308 1011 1348 in
1036 1308 1182 1348 ceteris
1222 1307 1479 1361 eloquentiae
1512 1306 1712 1361 partibus,

355 1383 442 1414 tum
467 1372 647 1413 maxime
672 1371 714 1411 111
751 1371 959 1412 eeleritate
985 1378 1025 1411 et
1056 1369 1362 1410 continuatione
1396 1370 1617 1409 verborum
1643 1369 1715 1409 ad-

358 1436 625 1483 haerescens,
665 1433 728 1475 sui
765 1432 1004 1473 dissimilior
1040 1432 1258 1473 videbatur
1288 1431 1377 1472 fieri
1416 1431 1577 1472 cotidie.
1637 1446 1713 1471 nos

358 1506 497 1539 autem
521 1512 604 1538 11011
631 1496 935 1537 desistebamus
962 1509 1057 1536 cum
1087 1495 1200 1536 0111111
1225 1509 1378 1550 genere
1410 1493 1713 1535 exercitationis

358 1569 445 1601 tum
469 1559 648 1600 maxime
671 1559 763 1600 stilo
784 1566 973 1599 nostrum
992 1557 1106 1607 illud,
1133 1557 1244 1610 quod
1264 1563 1364 1606 crat,
1392 1571 1558 1611 augere,
1586 1571 1715 1609 quan-

358 1631 623 1673 tumcumque
649 1628 753 1670 erat,
793 1628 935 1673 atque,
973 1627 1019 1660 ut
1043 1619 1173 1660 multa
1198 1619 1385 1660 omittam
1410 1619 1451 1658 in
1477 1619 1555 1660 hoc
1581 1617 1714 1672 spatio

360 1683 420 1738 [et
450 1684 488 1723 in
522 1683 585 1723 1115
617 1690 713 1738 post
744 1682 996 1722 aedilitatem
1033 1680 1171 1736 annis]
1211 1689 1250 1722 et
1286 1687 1452 1736 praetor
1486 1680 1643 1735 primus
1675 1687 1713 1720 et

357 1745 588 1786 incredibili
624 1744 766 1799 populi
802 1743 983 1784 Romani
1021 1743 1231 1784 voluntate
1269 1758 1361 1783 sum
1398 1742 1546 1782 factus.
1618 1756 1715 1781 nam

358 1822 453 1848 cum
487 1814 656 1862 propter
693 1805 983 1846 adsiduitatem
1022 1805 1064 1845 in
1100 1805 1236 1846 causis
1274 1813 1315 1845 et
1350 1804 1597 1844 industriam
1628 1810 1716 1843 tum

357 1877 525 1925 propter
563 1867 808 1921 exquisitius
847 1875 888 1908 et
922 1867 1090 1907 minime
1135 1867 1304 1921 volgare
1348 1866 1544 1908 orationis
1582 1880 1714 1919 genus

359 1931 518 1972 animos
555 1930 769 1972 hominum
795 1930 847 1970 ad
884 1944 949 1971 me
987 1929 1150 1970 dicendi
1191 1928 1374 1969 novitate
1416 1934 1714 1969 converteram.

303 2009 334 2032 22
359 1994 461 2034 1111111
487 1993 537 2033 110
562 2007 628 2033 1110
654 1992 808 2032 dicam:
841 1992 975 2032 dicam
1001 1992 1052 2031 de
1078 1991 1244 2040 ceteris,
1277 2005 1450 2043 quorum
1481 2004 1603 2030 nemo
1629 1997 1716 2029 crat

359 2056 429 2109 qui
453 2055 662 2096 videretur
687 2054 932 2108 exquisitius
959 2068 1084 2107 quam
1105 2053 1251 2107 volgus
1273 2052 1486 2093 hominum
1507 2051 1716 2092 studuisse

358 2118 524 2167 litteris,
574 2117 724 2170 quibus
768 2117 862 2158 fons
905 2116 1115 2171 perfectae
1164 2115 1422 2168 eloquentiae
1472 2114 1715 2162 continetur,

358 2195 480 2221 nemo
506 2180 575 2233 qui
599 2179 906 2234 philosophiam
931 2178 1173 2232 complexus
1199 2185 1311 2219 esset
1334 2184 1508 2217 matrem
1533 2176 1717 2217 omnium

359 2244 465 2283 bene
503 2243 708 2283 factorum
743 2241 933 2293 beneque
970 2240 1193 2289 dictorum,
1229 2254 1351 2280 nemo
1390 2238 1460 2291 qui
1497 2238 1560 2278 ius
1597 2237 1716 2278 civile

361 2304 575 2345 didicisset
599 2319 686 2344 rem
712 2302 765 2343 ad
799 2303 983 2357 privatas
1009 2316 1156 2343 causas
1184 2309 1224 2343 et
1249 2301 1302 2342 ad
1333 2300 1507 2341 oratoris
1537 2299 1718 2354 pruden-

361 2366 460 2406 tiam
496 2365 675 2406 maxime
712 2364 1012 2413 necessariam,
1049 2379 1171 2405 nemo
1209 2363 1279 2417 qui
1309 2362 1551 2403 memoriam
1579 2376 1717 2402 rerum

361 2428 643 2468 Romanarum
669 2434 844 2475 teneret,
882 2441 934 2467 ex
959 2440 1058 2479 qua,
1096 2425 1131 2466 si
1168 2425 1333 2478 quando
1366 2436 1470 2479 opus
1497 2431 1626 2472 esset,
1665 2423 1716 2462 ab

361 2488 503 2530 inferis
528 2488 877 2543 locupletissimos
904 2488 1022 2528 testis
1049 2487 1265 2536 excitaret,
1296 2502 1418 2528 nemo
1444 2486 1514 2539 qui
1538 2484 1716 2526 brevite-r

363 2559 588 2606 arguteque
614 2551 773 2592 incluso
805 2550 1042 2592 adversario
1073 2550 1232 2591 laxaret
1262 2549 1444 2591 iudicum
1471 2548 1629 2589 animos
1656 2553 1716 2586 at-

365 2628 443 2665 que
474 2629 498 2653 a
530 2613 749 2654 severitate
779 2612 990 2668 paulisper
1027 2612 1080 2653 ad
1115 2612 1364 2652 hilaritatem
1392 2610 1603 2662 risumque
1635 2614 1716 2647 tra-

366 2674 551 2721 duceret,
577 2689 698 2715 nemo
725 2674 794 2726 qui
820 2674 992 2714 dilatare
1017 2681 1160 2728 posset
1185 2681 1307 2726 atque
1333 2689 1358 2713 a
1381 2671 1548 2726 propria
1573 2683 1619 2710 ac
1645 2669 1716 2709 de-

366 2734 480 2774 finita
516 2735 793 2789 disputatione
831 2735 1009 2776 hominis
1049 2749 1096 2775 ac
1133 2734 1328 2789 temporis
1367 2733 1420 2773 ad
1455 2745 1715 2773 communem
