1859 3069
507 209 575 244 DE
601 208 839 245 ORATORE
865 208 933 243 111.
964 208 1161 243 111-120.
1431 198 1511 240 169

158 299 500 344 externarumque
531 306 687 340 rerum,
726 297 816 340 aut,
854 305 966 339 cum,
1004 304 1108 343 quae
1146 289 1280 331 forma
1316 295 1357 330 et
1392 287 1510 342 quasi

157 354 354 395 naturalis
379 362 478 394 nota
503 353 699 406 cuiusque
726 353 796 402 sit,
835 352 1098 402 describitur,
1135 359 1181 392 ut
1231 351 1266 392 si
1291 359 1512 404 quaeratur

159 416 272 457 avari
310 416 490 471 specics,
529 415 734 464 seditiosi,
778 414 961 469 gloriosi.
1034 413 1336 454 consecutionis
1373 420 1511 453 autem

162 478 244 519 duo
268 478 403 533 prima
427 477 716 531 quaestionum
742 492 896 532 genera
931 484 1140 532 ponuntur
1148 492 1159 525 ;
1196 491 1294 516 nam
1319 482 1390 515 aut
1415 475 1513 515 sim-

162 540 258 595 plex
296 547 359 580 est
395 540 660 594 disceptatio,
698 547 743 579 ut
785 539 819 579 si
856 539 1099 587 disseratur,
1137 538 1421 592 expetendane
1461 536 1513 577 sit

160 602 309 656 gloria,
348 610 418 642 aut
448 617 500 642 ex
531 601 838 656 comparatione
874 601 964 641 laus
997 616 1048 641 an
1086 600 1252 641 divitiae
1282 599 1415 654 magis
1442 614 1514 640 ex—

158 664 361 719 petendae
406 664 505 714 sint3
552 663 800 718 simplicium
845 670 982 703 autem
1025 670 1121 703 sunt
1163 669 1245 703 tres
1288 662 1419 703 modi:
1462 661 1512 702 de

160 725 402 781 expetendis
446 725 708 780 fugiendisve
749 725 894 773 rebus,
936 730 982 764 ut
1024 724 1298 778 expetendine
1334 723 1511 764 honores

161 787 260 836 sint,
298 803 397 828 num
421 787 621 842 fugienda
649 794 872 841 paupertas
883 802 893 834 3
932 785 982 825 dc
1009 799 1141 838 aequo
1167 793 1238 825 aut
1272 785 1432 838 iniquo,
1467 791 1514 824 ut

161 864 391 903 aequumne
429 849 480 890 sit
516 849 659 889 ulcisci
700 848 869 888 iniurias
908 848 1032 889 etiam
1073 848 1417 903 propinquorum3
1461 848 1512 888 de

160 911 333 952 honesto
359 918 429 951 aut
453 911 580 965 turpi,
617 918 664 951 ut
687 910 784 959 hoc,
823 910 928 950 sitne
954 910 1175 951 honestum
1206 911 1362 965 gloriae
1388 906 1515 951 causa

159 980 332 1013 mortem
352 972 477 1013 obire.
522 971 839 1026 comparationis
860 979 998 1013 autem
1018 972 1099 1013 duo
1122 980 1218 1013 sunt
1235 972 1365 1013 modi:
1391 986 1511 1020 unus,

159 1049 252 1076 cum
276 1034 440 1076 idemne
467 1035 520 1076 sit
545 1050 597 1075 an
623 1035 778 1088 aliquid
802 1034 965 1075 intersit
988 1034 1216 1088 quaeritur3
1256 1042 1299 1074 ut
1330 1042 1513 1075 metuere

159 1104 198 1137 et
223 1097 373 1146 vereri,
411 1104 458 1137 ut
481 1112 554 1137 rex
580 1103 621 1137 et
645 1103 865 1151 tyrannus,
901 1104 948 1137 ut
985 1097 1224 1137 adsentator
1260 1103 1301 1137 et
1336 1096 1512 1144 amicus3

158 1159 277 1208 alter,
316 1173 409 1199 cum
448 1158 547 1212 quid
583 1166 766 1214 praestet
803 1158 915 1198 aliud
952 1158 1021 1198 alii
1052 1158 1279 1211 quaeritur,
1316 1164 1363 1198 ut
1397 1157 1513 1207 illud,

159 1221 355 1276 optimine
387 1221 584 1274 cuiusque
617 1221 824 1276 sapientes
851 1236 904 1260 an
934 1220 1123 1275 populari
1158 1220 1280 1261 laude
1313 1220 1522 1260 ducantur.

159 1292 281 1335 atque
312 1283 390 1323 hae
424 1283 590 1336 quidem
627 1282 966 1337 disceptationes,
1005 1297 1110 1335 quae
1147 1282 1199 1322 ad
1236 1281 1514 1336 cognitionem

158 1346 411 1395 referuntur,
450 1345 509 1386 sic
540 1346 625 1385 fere
658 1360 681 1385 a
712 1344 962 1385 doctissimis
1000 1344 1234 1385 hominibus
1274 1344 1514 1385 describun-

160 1414 241 1456 tur3
286 1421 390 1460 quae
427 1422 525 1448 vero
561 1407 795 1447 referuntur
832 1407 884 1447 ad
920 1407 1146 1461 agendum,
1191 1414 1261 1447 aut
1302 1406 1345 1446 in
1387 1405 1513 1447 officii

160 1469 458 1523 disceptatione
484 1475 720 1517 versantur,
759 1482 839 1521 quo
864 1467 905 1507 in
931 1483 1100 1522 genere,
1139 1468 1239 1521 quid
1267 1475 1425 1508 rectum
1451 1468 1513 1508 fa-

160 1530 433 1584 ciendumque
460 1530 512 1571 sit
537 1530 762 1583 quaeritur,
800 1530 865 1570 cui
889 1530 980 1571 loco
1006 1530 1139 1570 omnis
1166 1530 1363 1570 virtutum
1388 1537 1428 1570 et
1455 1529 1514 1569 vi-

160 1592 309 1633 tiorum
340 1600 403 1633 est
433 1592 538 1633 silva
574 1592 777 1641 subiecta,
816 1599 886 1632 aut
916 1591 958 1631 in
991 1591 1220 1633 animorum
1256 1591 1393 1645 aliqua
1421 1606 1514 1646 per-

159 1654 339 1695 motione
367 1662 436 1695 aut
461 1654 672 1709 gignenda
696 1662 767 1694 aut
792 1654 976 1695 sedanda
1013 1653 1246 1694 tollendave
1272 1660 1511 1694 tractantur.

160 1716 253 1756 huic
279 1717 422 1771 generi
453 1716 662 1757 subiectae
699 1723 797 1757 sunt
828 1716 1152 1765 cohortationes,
1191 1716 1512 1771 obiurgationes,

160 1778 482 1828 consolationes,
518 1778 804 1820 miserationes
843 1778 1059 1831 omnisque
1098 1779 1150 1818 ad
1187 1793 1352 1819 omnem
1388 1778 1513 1819 animi

159 1847 316 1881 motum
343 1848 383 1881 et
407 1840 601 1896 impulsio
629 1848 686 1889 et,
727 1840 760 1881 si
785 1840 843 1881 ita
867 1856 933 1881 res
959 1841 1082 1889 feret,
1108 1840 1324 1895 mitigatio.
1385 1840 1515 1895 expli-

160 1903 262 1943 catis
294 1903 418 1957 igitur
455 1903 518 1944 his
557 1903 779 1958 generibus
812 1917 858 1943 ac
888 1903 1022 1943 modis
1057 1902 1402 1957 disceptationum
1427 1917 1514 1942 om-

160 1964 275 2005 nium
299 1965 400 2004 nihil
427 1980 525 2006 sane
552 1965 604 2006 ad
628 1980 716 2005 rem
739 1965 936 2020 pertinet,
965 1965 999 2005 si
1024 1979 1103 2018 qua
1130 1965 1172 2004 in
1196 1979 1239 2005 re
1266 1964 1515 2018 discrepavit

162 2027 212 2066 ab
237 2026 412 2066 Antonii
437 2027 639 2068 divisione
663 2035 806 2068 nostra
829 2027 1013 2082 partitio:
1040 2027 1185 2068 eadem
1211 2034 1305 2067 sunt
1330 2026 1516 2066 membra

161 2088 202 2127 in
228 2087 440 2141 utriusque
478 2088 774 2144 disputatione,
815 2089 889 2130 sed
923 2089 1046 2143 paulo
1084 2103 1203 2129 secus
1236 2104 1260 2128 a
1289 2104 1354 2128 me
1393 2095 1514 2140 atquc

162 2151 212 2189 ab
245 2149 314 2190 illo
350 2150 501 2204 partita
533 2165 580 2191 ac
616 2151 779 2191 tributa.
850 2165 959 2190 nunc
997 2151 1049 2190 ad
1082 2150 1241 2203 reliqua
1275 2149 1516 2204 progrediar

161 2226 308 2264 meque
336 2212 387 2252 ad
412 2227 551 2252 meum
587 2228 736 2253 munus
768 2227 1028 2267 pensumque
1063 2212 1281 2252 revocabo.
1342 2227 1438 2251 nam
1464 2225 1515 2250 ex

162 2274 241 2313 illis
267 2273 387 2322 locis,
415 2288 518 2327 quos
545 2274 738 2329 exposuit
761 2274 991 2323 Antonius,
1029 2274 1167 2315 omnia
1192 2281 1287 2314 sunt
1314 2274 1365 2313 ad
1390 2288 1516 2326 quae-

162 2350 241 2389 que
267 2351 421 2390 genera
458 2336 750 2388 quaestionum
781 2344 1026 2391 argumenta
1062 2336 1281 2385 sumcnda3
1319 2335 1394 2376 sed
1425 2335 1514 2375 aliis

161 2398 383 2453 generibus
424 2398 493 2438 alii
527 2398 607 2439 loci
643 2398 777 2453 magis
810 2405 930 2438 erunt
967 2397 1069 2452 apti3
1109 2397 1158 2437 de
1196 2412 1276 2450 quo
1312 2413 1395 2438 non
1432 2405 1515 2437 tam

161 2460 257 2512 quia
280 2459 451 2514 longum
476 2467 539 2500 est
564 2474 688 2513 quam
713 2460 814 2513 quia,
828 2459 1092 2515 perspicuum
1119 2467 1195 2509 est,
1222 2459 1302 2499 dici
1326 2459 1427 2499 nihil
1453 2467 1515 2500 est

160 2536 345 2562 necesse.
417 2522 704 2563 ornatissimae
743 2529 839 2562 sunt
875 2522 1001 2576 igitur
1037 2521 1242 2563 orationes
1280 2536 1372 2571 eae,
1410 2536 1514 2574 quae

160 2583 361 2625 latissime
398 2592 601 2639 vagantur
632 2591 673 2625 et
706 2582 750 2638 [a
778 2584 942 2638 privata
971 2582 1029 2639 et]
1064 2599 1087 2624 a
1118 2583 1317 2638 singulari
1354 2592 1515 2624 contro-

160 2646 297 2687 versia
322 2661 366 2686 se
393 2646 445 2686 ad
469 2646 654 2687 universi
684 2645 848 2700 generis
876 2645 959 2686 vim
984 2645 1272 2700 explicandam
1298 2645 1514 2686 conferunt

164 2707 222 2763 [et
248 2707 531 2764 convertunt],
557 2716 602 2750 ut
627 2708 681 2758 ei,
719 2708 788 2762 qui
826 2708 1016 2758 audiunt,
1053 2714 1201 2750 natura
1226 2715 1266 2750 et
1291 2723 1442 2764 genere
1473 2717 1512 2750 et

1538 430 1586 455 118

1537 988 1586 1012 117

1537 1408 1582 1441 30

1540 1456 1589 1480 118

1540 1856 1588 1880 119

1541 2539 1589 2563 120
