<?xml version="1.0" encoding="UTF-8"?>
<!DOCTYPE html PUBLIC "-//W3C//DTD XHTML 1.0 Transitional//EN"
    "http://www.w3.org/TR/xhtml1/DTD/xhtml1-transitional.dtd">
<html xmlns="http://www.w3.org/1999/xhtml" xml:lang="en" lang="en">
 <head>
  <title>
</title>
<meta http-equiv="Content-Type" content="text/html;charset=utf-8" />
  <meta name='ocr-system' content='tesseract 3.04.00' />
  <meta name='ocr-capabilities' content='ocr_page ocr_carea ocr_par ocr_line ocrx_word'/>
</head>
<body>
  <div class='ocr_page' id='page_1' title='image "./operaquaesupers02ciceuoft/operaquaesupers02ciceuoft_0358.png"; bbox 0 0 1859 3069; ppageno 0'>
   <div class='ocr_carea' id='block_1_1' title="bbox 372 358 418 381">
    <p class='ocr_par' dir='ltr' id='par_1_1' title="bbox 372 358 418 381">
     <span class='ocr_line' id='line_1_1' title="bbox 372 358 418 381; baseline 0 0"><span class='ocrx_word' id='word_1_1' title='bbox 372 358 418 381; x_wconf 64' lang='lat'>181</span> 
     </span>
    </p>
   </div>
   <div class='ocr_carea' id='block_1_2' title="bbox 380 909 425 932">
    <p class='ocr_par' dir='ltr' id='par_1_2' title="bbox 380 909 425 932">
     <span class='ocr_line' id='line_1_2' title="bbox 380 909 425 932; baseline 0 0"><span class='ocrx_word' id='word_1_2' title='bbox 380 909 425 932; x_wconf 61' lang='lat'>135</span> 
     </span>
    </p>
   </div>
   <div class='ocr_carea' id='block_1_3' title="bbox 373 1403 422 1427">
    <p class='ocr_par' dir='ltr' id='par_1_3' title="bbox 373 1403 422 1427">
     <span class='ocr_line' id='line_1_3' title="bbox 373 1403 422 1427; baseline 0 0"><span class='ocrx_word' id='word_1_3' title='bbox 373 1403 422 1427; x_wconf 55' lang='lat' dir='ltr'>15ss</span> 
     </span>
    </p>
   </div>
   <div class='ocr_carea' id='block_1_4' title="bbox 378 1642 422 1675">
    <p class='ocr_par' dir='ltr' id='par_1_4' title="bbox 378 1642 422 1675">
     <span class='ocr_line' id='line_1_4' title="bbox 378 1642 422 1675; baseline 0.045 -2"><span class='ocrx_word' id='word_1_4' title='bbox 378 1642 422 1675; x_wconf 65' lang='lat'>:36</span> 
     </span>
    </p>
   </div>
   <div class='ocr_carea' id='block_1_5' title="bbox 377 2083 421 2107">
    <p class='ocr_par' dir='ltr' id='par_1_5' title="bbox 377 2083 421 2107">
     <span class='ocr_line' id='line_1_5' title="bbox 377 2083 421 2107; baseline 0.023 -1"><span class='ocrx_word' id='word_1_5' title='bbox 377 2083 421 2107; x_wconf 75' lang='lat'>157</span> 
     </span>
    </p>
   </div>
   <div class='ocr_carea' id='block_1_6' title="bbox 442 249 1392 291">
    <p class='ocr_par' dir='ltr' id='par_1_6' title="bbox 442 249 1392 291">
     <span class='ocr_line' id='line_1_6' title="bbox 442 249 1392 291; baseline -0.004 -1"><span class='ocrx_word' id='word_1_6' title='bbox 442 249 525 291; x_wconf 68' lang='lat'>322</span> <span class='ocrx_word' id='word_1_7' title='bbox 850 254 897 287; x_wconf 82' lang='lat' dir='ltr'>M.</span> <span class='ocrx_word' id='word_1_8' title='bbox 925 253 1101 288; x_wconf 82' lang='lat' dir='ltr'>TULLII</span> <span class='ocrx_word' id='word_1_9' title='bbox 1129 251 1392 287; x_wconf 83' lang='lat' dir='ltr'>CICERONIS</span> 
     </span>
    </p>
   </div>
   <div class='ocr_carea' id='block_1_7' title="bbox 442 333 1805 2618">
    <p class='ocr_par' dir='ltr' id='par_1_7' title="bbox 443 333 1797 513">
     <span class='ocr_line' id='line_1_7' title="bbox 443 333 1797 391; baseline -0.005 -13"><span class='ocrx_word' id='word_1_10' title='bbox 443 345 565 378; x_wconf 86' lang='lat' dir='ltr'>cantu</span> <span class='ocrx_word' id='word_1_11' title='bbox 603 334 864 391; x_wconf 82' lang='lat' dir='ltr'>spoliaveris,</span> <span class='ocrx_word' id='word_1_12' title='bbox 902 333 1014 373; x_wconf 75' lang='lat' dir='ltr'>nuda</span> <span class='ocrx_word' id='word_1_13' title='bbox 1046 347 1178 387; x_wconf 88' lang='lat' dir='ltr'>paene</span> <span class='ocrx_word' id='word_1_14' title='bbox 1214 340 1399 373; x_wconf 87' lang='lat' dir='ltr'>remanet</span> <span class='ocrx_word' id='word_1_15' title='bbox 1436 333 1584 380; x_wconf 87' lang='lat' dir='ltr'>oratio;</span> <span class='ocrx_word' id='word_1_16' title='bbox 1624 347 1797 385; x_wconf 87' lang='lat' dir='ltr'>quorum</span> 
     </span>
     <span class='ocr_line' id='line_1_8' title="bbox 444 393 1797 449; baseline -0.004 -10"><span class='ocrx_word' id='word_1_17' title='bbox 444 399 593 439; x_wconf 78' lang='lat' dir='ltr'>similia</span> <span class='ocrx_word' id='word_1_18' title='bbox 619 407 712 437; x_wconf 86' lang='lat' dir='ltr'>sunt</span> <span class='ocrx_word' id='word_1_19' title='bbox 749 395 953 449; x_wconf 80' lang='lat' dir='ltr'>quaedam</span> <span class='ocrx_word' id='word_1_20' title='bbox 985 394 1109 435; x_wconf 90' lang='lat' dir='ltr'>etiam</span> <span class='ocrx_word' id='word_1_21' title='bbox 1147 394 1257 448; x_wconf 86' lang='lat' dir='ltr'>apud</span> <span class='ocrx_word' id='word_1_22' title='bbox 1287 402 1471 442; x_wconf 85' lang='lat' dir='ltr'>nostros,</span> <span class='ocrx_word' id='word_1_23' title='bbox 1510 395 1620 434; x_wconf 74' lang='lat' dir='ltr'>velut</span> <span class='ocrx_word' id='word_1_24' title='bbox 1657 394 1724 434; x_wconf 90' lang='lat' dir='ltr'>ille</span> <span class='ocrx_word' id='word_1_25' title='bbox 1757 393 1797 433; x_wconf 89' lang='lat' dir='ltr'>in</span> 
     </span>
     <span class='ocr_line' id='line_1_9' title="bbox 444 460 648 513; baseline -0.01 -13"><span class='ocrx_word' id='word_1_26' title='bbox 444 460 648 513; x_wconf 70' lang='lat' dir='ltr'>Thyeste:</span> 
     </span>
    </p>

    <p class='ocr_par' dir='ltr' id='par_1_8' title="bbox 442 515 1805 2555">
     <span class='ocr_line' id='line_1_10' title="bbox 501 515 1589 574; baseline -0.003 -14"><span class='ocrx_word' id='word_1_27' title='bbox 501 534 723 574; x_wconf 80' lang='lat' dir='ltr'>quemnam</span> <span class='ocrx_word' id='word_1_28' title='bbox 747 525 787 558; x_wconf 89' lang='lat' dir='ltr'>te</span> <span class='ocrx_word' id='word_1_29' title='bbox 813 533 906 559; x_wconf 86' lang='lat' dir='ltr'>esse</span> <span class='ocrx_word' id='word_1_30' title='bbox 932 517 1092 566; x_wconf 83' lang='lat' dir='ltr'>dicam?</span> <span class='ocrx_word' id='word_1_31' title='bbox 1117 515 1186 569; x_wconf 88' lang='lat' dir='ltr'>qui</span> <span class='ocrx_word' id='word_1_32' title='bbox 1212 516 1329 556; x_wconf 87' lang='lat' dir='ltr'>tarda</span> <span class='ocrx_word' id='word_1_33' title='bbox 1353 516 1396 556; x_wconf 90' lang='lat' dir='ltr'>in</span> <span class='ocrx_word' id='word_1_34' title='bbox 1422 526 1589 557; x_wconf 79' lang='lat' dir='ltr'>senecta</span> 
     </span>
     <span class='ocr_line' id='line_1_11' title="bbox 444 578 1798 634; baseline -0.004 -12"><span class='ocrx_word' id='word_1_35' title='bbox 444 594 481 622; x_wconf 84' lang='lat' dir='ltr'>et</span> <span class='ocrx_word' id='word_1_36' title='bbox 509 584 614 634; x_wconf 85' lang='lat' dir='ltr'>quae</span> <span class='ocrx_word' id='word_1_37' title='bbox 642 588 888 633; x_wconf 86' lang='lat' dir='ltr'>sequuntur,</span> <span class='ocrx_word' id='word_1_38' title='bbox 920 594 1044 632; x_wconf 85' lang='lat' dir='ltr'>quae,</span> <span class='ocrx_word' id='word_1_39' title='bbox 1075 578 1155 618; x_wconf 83' lang='lat' dir='ltr'>nisi</span> <span class='ocrx_word' id='word_1_40' title='bbox 1181 592 1273 618; x_wconf 90' lang='lat' dir='ltr'>cum</span> <span class='ocrx_word' id='word_1_41' title='bbox 1300 578 1451 618; x_wconf 85' lang='lat' dir='ltr'>tibicen</span> <span class='ocrx_word' id='word_1_42' title='bbox 1478 578 1671 623; x_wconf 77' lang='lat' dir='ltr'>accessit,</span> <span class='ocrx_word' id='word_1_43' title='bbox 1709 592 1798 618; x_wconf 90' lang='lat' dir='ltr'>ora-</span> 
     </span>
     <span class='ocr_line' id='line_1_12' title="bbox 443 639 1800 693; baseline -0.003 -10"><span class='ocrx_word' id='word_1_44' title='bbox 443 643 564 683; x_wconf 78' lang='lat' dir='ltr'>tionis</span> <span class='ocrx_word' id='word_1_45' title='bbox 593 651 686 682; x_wconf 88' lang='lat' dir='ltr'>suut</span> <span class='ocrx_word' id='word_1_46' title='bbox 713 641 872 682; x_wconf 86' lang='lat' dir='ltr'>solutae</span> <span class='ocrx_word' id='word_1_47' title='bbox 906 640 1126 681; x_wconf 88' lang='lat' dir='ltr'>simillima.</span> <span class='ocrx_word' id='word_1_48' title='bbox 1189 648 1231 679; x_wconf 86' lang='lat' dir='ltr'>at.</span> <span class='ocrx_word' id='word_1_49' title='bbox 1256 639 1506 680; x_wconf 81' lang='lat' dir='ltr'>comicorum</span> <span class='ocrx_word' id='word_1_50' title='bbox 1532 639 1680 680; x_wconf 87' lang='lat' dir='ltr'>senarii</span> <span class='ocrx_word' id='word_1_51' title='bbox 1706 655 1800 693; x_wconf 85' lang='lat' dir='ltr'>pro-</span> 
     </span>
     <span class='ocr_line' id='line_1_13' title="bbox 442 701 1801 760; baseline -0.002 -17"><span class='ocrx_word' id='word_1_52' title='bbox 442 714 533 760; x_wconf 86' lang='lat' dir='ltr'>pter</span> <span class='ocrx_word' id='word_1_53' title='bbox 571 703 883 744; x_wconf 84' lang='lat' dir='ltr'>similitudinem</span> <span class='ocrx_word' id='word_1_54' title='bbox 922 702 1123 743; x_wconf 82' lang='lat' dir='ltr'>sermonis</span> <span class='ocrx_word' id='word_1_55' title='bbox 1162 701 1221 742; x_wconf 89' lang='lat' dir='ltr'>sic</span> <span class='ocrx_word' id='word_1_56' title='bbox 1258 716 1382 756; x_wconf 80' lang='lat' dir='ltr'>saepe</span> <span class='ocrx_word' id='word_1_57' title='bbox 1421 710 1517 741; x_wconf 86' lang='lat' dir='ltr'>sunt</span> <span class='ocrx_word' id='word_1_58' title='bbox 1553 701 1719 747; x_wconf 86' lang='lat' dir='ltr'>abiecti,</span> <span class='ocrx_word' id='word_1_59' title='bbox 1756 709 1801 740; x_wconf 89' lang='lat' dir='ltr'>ut</span> 
     </span>
     <span class='ocr_line' id='line_1_14' title="bbox 443 762 1800 818; baseline -0.002 -13"><span class='ocrx_word' id='word_1_60' title='bbox 443 782 526 807; x_wconf 89' lang='lat' dir='ltr'>non</span> <span class='ocrx_word' id='word_1_61' title='bbox 567 780 792 818; x_wconf 80' lang='lat' dir='ltr'>numquam</span> <span class='ocrx_word' id='word_1_62' title='bbox 838 764 908 805; x_wconf 72' lang='lat' dir='ltr'>vix</span> <span class='ocrx_word' id='word_1_63' title='bbox 943 764 986 804; x_wconf 90' lang='lat' dir='ltr'>in</span> <span class='ocrx_word' id='word_1_64' title='bbox 1023 764 1081 804; x_wconf 88' lang='lat' dir='ltr'>eis</span> <span class='ocrx_word' id='word_1_65' title='bbox 1119 778 1315 804; x_wconf 87' lang='lat' dir='ltr'>numerus</span> <span class='ocrx_word' id='word_1_66' title='bbox 1354 771 1392 803; x_wconf 88' lang='lat' dir='ltr'>et</span> <span class='ocrx_word' id='word_1_67' title='bbox 1430 778 1574 804; x_wconf 74' lang='lat' dir='ltr'>versus</span> <span class='ocrx_word' id='word_1_68' title='bbox 1617 762 1800 816; x_wconf 68' lang='lat' dir='ltr'>intellegi</span> 
     </span>
     <span class='ocr_line' id='line_1_15' title="bbox 443 824 1800 883; baseline -0.004 -14"><span class='ocrx_word' id='word_1_69' title='bbox 443 828 594 883; x_wconf 82' lang='lat' dir='ltr'>possit3</span> <span class='ocrx_word' id='word_1_70' title='bbox 642 842 722 881; x_wconf 91' lang='lat' dir='ltr'>quo</span> <span class='ocrx_word' id='word_1_71' title='bbox 759 834 825 868; x_wconf 87' lang='lat' dir='ltr'>est</span> <span class='ocrx_word' id='word_1_72' title='bbox 860 826 912 867; x_wconf 86' lang='lat' dir='ltr'>ad</span> <span class='ocrx_word' id='word_1_73' title='bbox 953 826 1248 867; x_wconf 77' lang='lat' dir='ltr'>inveniendum</span> <span class='ocrx_word' id='word_1_74' title='bbox 1291 825 1496 866; x_wconf 79' lang='lat' dir='ltr'>difficilior</span> <span class='ocrx_word' id='word_1_75' title='bbox 1532 825 1574 865; x_wconf 93' lang='lat' dir='ltr'>in</span> <span class='ocrx_word' id='word_1_76' title='bbox 1617 824 1800 865; x_wconf 87' lang='lat' dir='ltr'>oratione</span> 
     </span>
     <span class='ocr_line' id='line_1_16' title="bbox 444 887 1801 942; baseline -0.002 -13"><span class='ocrx_word' id='word_1_77' title='bbox 444 905 639 930; x_wconf 85' lang='lat' dir='ltr'>numerus</span> <span class='ocrx_word' id='word_1_78' title='bbox 683 904 807 942; x_wconf 89' lang='lat' dir='ltr'>quam</span> <span class='ocrx_word' id='word_1_79' title='bbox 842 888 885 928; x_wconf 90' lang='lat' dir='ltr'>in</span> <span class='ocrx_word' id='word_1_80' title='bbox 929 889 1132 929; x_wconf 70' lang='lat' dir='ltr'>versibus.</span> <span class='ocrx_word' id='word_1_81' title='bbox 1204 887 1370 927; x_wconf 88' lang='lat' dir='ltr'>omnino</span> <span class='ocrx_word' id='word_1_82' title='bbox 1415 888 1496 927; x_wconf 90' lang='lat' dir='ltr'>duo</span> <span class='ocrx_word' id='word_1_83' title='bbox 1540 896 1653 933; x_wconf 86' lang='lat' dir='ltr'>sunt,</span> <span class='ocrx_word' id='word_1_84' title='bbox 1696 901 1801 939; x_wconf 83' lang='lat' dir='ltr'>quae</span> 
     </span>
     <span class='ocr_line' id='line_1_17' title="bbox 445 948 1802 1002; baseline -0.001 -12"><span class='ocrx_word' id='word_1_85' title='bbox 445 951 638 991; x_wconf 79' lang='lat' dir='ltr'>condiant</span> <span class='ocrx_word' id='word_1_86' title='bbox 677 951 924 998; x_wconf 86' lang='lat' dir='ltr'>orationem,</span> <span class='ocrx_word' id='word_1_87' title='bbox 968 951 1189 990; x_wconf 64' lang='lat' dir='ltr'>verborum</span> <span class='ocrx_word' id='word_1_88' title='bbox 1233 957 1579 1002; x_wconf 83' lang='lat' dir='ltr'>numerorumque</span> <span class='ocrx_word' id='word_1_89' title='bbox 1615 948 1802 988; x_wconf 87' lang='lat' dir='ltr'>iucundi-</span> 
     </span>
     <span class='ocr_line' id='line_1_18' title="bbox 446 1011 1801 1065; baseline -0.002 -12"><span class='ocrx_word' id='word_1_90' title='bbox 446 1025 528 1054; x_wconf 91' lang='lat' dir='ltr'>tas:</span> <span class='ocrx_word' id='word_1_91' title='bbox 566 1013 606 1053; x_wconf 88' lang='lat' dir='ltr'>in</span> <span class='ocrx_word' id='word_1_92' title='bbox 633 1013 768 1053; x_wconf 73' lang='lat' dir='ltr'>verbis</span> <span class='ocrx_word' id='word_1_93' title='bbox 800 1013 907 1053; x_wconf 90' lang='lat' dir='ltr'>inest</span> <span class='ocrx_word' id='word_1_94' title='bbox 945 1012 1064 1065; x_wconf 81' lang='lat' dir='ltr'>quasi</span> <span class='ocrx_word' id='word_1_95' title='bbox 1101 1012 1273 1052; x_wconf 89' lang='lat' dir='ltr'>materia</span> <span class='ocrx_word' id='word_1_96' title='bbox 1304 1012 1526 1065; x_wconf 80' lang='lat' dir='ltr'>quaedam,</span> <span class='ocrx_word' id='word_1_97' title='bbox 1563 1011 1801 1051; x_wconf 86' lang='lat' dir='ltr'>innumero</span> 
     </span>
     <span class='ocr_line' id='line_1_19' title="bbox 447 1072 1800 1129; baseline -0.003 -14"><span class='ocrx_word' id='word_1_98' title='bbox 447 1083 583 1115; x_wconf 88' lang='lat' dir='ltr'>autem</span> <span class='ocrx_word' id='word_1_99' title='bbox 629 1074 848 1129; x_wconf 82' lang='lat' dir='ltr'>expoliti03</span> <span class='ocrx_word' id='word_1_100' title='bbox 913 1074 986 1114; x_wconf 86' lang='lat' dir='ltr'>sed</span> <span class='ocrx_word' id='word_1_101' title='bbox 1022 1082 1069 1114; x_wconf 90' lang='lat' dir='ltr'>ut</span> <span class='ocrx_word' id='word_1_102' title='bbox 1113 1073 1258 1114; x_wconf 89' lang='lat' dir='ltr'>ceteris</span> <span class='ocrx_word' id='word_1_103' title='bbox 1295 1073 1337 1113; x_wconf 88' lang='lat' dir='ltr'>in</span> <span class='ocrx_word' id='word_1_104' title='bbox 1374 1073 1498 1113; x_wconf 85' lang='lat' dir='ltr'>rebus</span> <span class='ocrx_word' id='word_1_105' title='bbox 1535 1072 1800 1113; x_wconf 79' lang='lat' dir='ltr'>&#39;necessitatis</span> 
     </span>
     <span class='ocr_line' id='line_1_20' title="bbox 445 1134 1802 1190; baseline -0.001 -14"><span class='ocrx_word' id='word_1_106' title='bbox 445 1137 614 1178; x_wconf 82' lang='lat' dir='ltr'>inventa</span> <span class='ocrx_word' id='word_1_107' title='bbox 645 1136 877 1189; x_wconf 83' lang='lat' dir='ltr'>antiquiora</span> <span class='ocrx_word' id='word_1_108' title='bbox 908 1144 1003 1176; x_wconf 85' lang='lat' dir='ltr'>sunt</span> <span class='ocrx_word' id='word_1_109' title='bbox 1040 1150 1164 1189; x_wconf 90' lang='lat' dir='ltr'>quam</span> <span class='ocrx_word' id='word_1_110' title='bbox 1199 1135 1442 1190; x_wconf 69' lang='lat' dir='ltr'>voluptatis,</span> <span class='ocrx_word' id='word_1_111' title='bbox 1480 1135 1537 1175; x_wconf 87' lang='lat' dir='ltr'>ita</span> <span class='ocrx_word' id='word_1_112' title='bbox 1572 1134 1613 1174; x_wconf 91' lang='lat' dir='ltr'>in</span> <span class='ocrx_word' id='word_1_113' title='bbox 1646 1134 1722 1174; x_wconf 83' lang='lat' dir='ltr'>hae</span> <span class='ocrx_word' id='word_1_114' title='bbox 1757 1149 1802 1174; x_wconf 84' lang='lat' dir='ltr'>re</span> 
     </span>
     <span class='ocr_line' id='line_1_21' title="bbox 448 1196 1803 1247; baseline -0.003 -8"><span class='ocrx_word' id='word_1_115' title='bbox 448 1199 613 1247; x_wconf 81' lang='lat' dir='ltr'>accidit,</span> <span class='ocrx_word' id='word_1_116' title='bbox 651 1207 695 1239; x_wconf 86' lang='lat' dir='ltr'>ut</span> <span class='ocrx_word' id='word_1_117' title='bbox 726 1198 867 1239; x_wconf 89' lang='lat' dir='ltr'>multis</span> <span class='ocrx_word' id='word_1_118' title='bbox 894 1198 1071 1238; x_wconf 85' lang='lat' dir='ltr'>saeculis</span> <span class='ocrx_word' id='word_1_119' title='bbox 1098 1206 1193 1238; x_wconf 89' lang='lat' dir='ltr'>ante</span> <span class='ocrx_word' id='word_1_120' title='bbox 1230 1198 1360 1238; x_wconf 88' lang='lat' dir='ltr'>oratio</span> <span class='ocrx_word' id='word_1_121' title='bbox 1396 1197 1508 1237; x_wconf 88' lang='lat' dir='ltr'>nuda</span> <span class='ocrx_word' id='word_1_122' title='bbox 1533 1211 1579 1237; x_wconf 88' lang='lat' dir='ltr'>ae</span> <span class='ocrx_word' id='word_1_123' title='bbox 1609 1196 1723 1236; x_wconf 86' lang='lat' dir='ltr'>rudis</span> <span class='ocrx_word' id='word_1_124' title='bbox 1751 1196 1803 1235; x_wconf 88' lang='lat' dir='ltr'>ad</span> 
     </span>
     <span class='ocr_line' id='line_1_22' title="bbox 448 1259 1802 1314; baseline -0.003 -13"><span class='ocrx_word' id='word_1_125' title='bbox 448 1261 558 1301; x_wconf 81' lang='lat' dir='ltr'>solos</span> <span class='ocrx_word' id='word_1_126' title='bbox 586 1261 816 1301; x_wconf 87' lang='lat' dir='ltr'>animorum</span> <span class='ocrx_word' id='word_1_127' title='bbox 843 1275 991 1300; x_wconf 83' lang='lat' dir='ltr'>sensus</span> <span class='ocrx_word' id='word_1_128' title='bbox 1018 1260 1310 1314; x_wconf 79' lang='lat' dir='ltr'>exprimendos</span> <span class='ocrx_word' id='word_1_129' title='bbox 1331 1259 1452 1299; x_wconf 89' lang='lat' dir='ltr'>fucrit</span> <span class='ocrx_word' id='word_1_130' title='bbox 1477 1266 1652 1313; x_wconf 86' lang='lat' dir='ltr'>reperta,</span> <span class='ocrx_word' id='word_1_131' title='bbox 1679 1273 1802 1311; x_wconf 90' lang='lat' dir='ltr'>quam</span> 
     </span>
     <span class='ocr_line' id='line_1_23' title="bbox 444 1321 1801 1375; baseline -0.002 -12"><span class='ocrx_word' id='word_1_132' title='bbox 444 1323 549 1363; x_wconf 89' lang='lat' dir='ltr'>ratio</span> <span class='ocrx_word' id='word_1_133' title='bbox 580 1338 846 1364; x_wconf 89' lang='lat' dir='ltr'>numerorum</span> <span class='ocrx_word' id='word_1_134' title='bbox 883 1336 1009 1363; x_wconf 87' lang='lat' dir='ltr'>causa</span> <span class='ocrx_word' id='word_1_135' title='bbox 1041 1322 1325 1363; x_wconf 76' lang='lat' dir='ltr'>delectationis</span> <span class='ocrx_word' id='word_1_136' title='bbox 1358 1321 1518 1362; x_wconf 89' lang='lat' dir='ltr'>aurium</span> <span class='ocrx_word' id='word_1_137' title='bbox 1549 1321 1801 1375; x_wconf 79' lang='lat' dir='ltr'>excogitata3</span> 
     </span>
     <span class='ocr_line' id='line_1_24' title="bbox 446 1383 1802 1438; baseline -0.002 -13"><span class='ocrx_word' id='word_1_138' title='bbox 446 1385 583 1438; x_wconf 83' lang='lat' dir='ltr'>itaque</span> <span class='ocrx_word' id='word_1_139' title='bbox 610 1394 651 1426; x_wconf 82' lang='lat' dir='ltr'>et</span> <span class='ocrx_word' id='word_1_140' title='bbox 674 1385 916 1426; x_wconf 86' lang='lat' dir='ltr'>Herodotus</span> <span class='ocrx_word' id='word_1_141' title='bbox 943 1392 984 1425; x_wconf 85' lang='grc' dir='ltr'>θῖ</span> <span class='ocrx_word' id='word_1_142' title='bbox 1014 1384 1159 1424; x_wconf 88' lang='lat' dir='ltr'>eadem</span> <span class='ocrx_word' id='word_1_143' title='bbox 1192 1383 1459 1438; x_wconf 80' lang='lat' dir='ltr'>superiorque</span> <span class='ocrx_word' id='word_1_144' title='bbox 1486 1393 1599 1424; x_wconf 87' lang='lat' dir='ltr'>aetas</span> <span class='ocrx_word' id='word_1_145' title='bbox 1631 1397 1802 1423; x_wconf 88' lang='lat' dir='ltr'>numero</span> 
     </span>
     <span class='ocr_line' id='line_1_25' title="bbox 448 1445 1804 1500; baseline -0.002 -13"><span class='ocrx_word' id='word_1_146' title='bbox 448 1447 596 1496; x_wconf 80' lang='lat' dir='ltr'>caruit,</span> <span class='ocrx_word' id='word_1_147' title='bbox 627 1447 708 1487; x_wconf 85' lang='lat' dir='ltr'>nisi</span> <span class='ocrx_word' id='word_1_148' title='bbox 734 1446 898 1500; x_wconf 87' lang='lat' dir='ltr'>quando</span> <span class='ocrx_word' id='word_1_149' title='bbox 924 1454 1078 1486; x_wconf 86' lang='lat' dir='ltr'>temere</span> <span class='ocrx_word' id='word_1_150' title='bbox 1105 1460 1152 1485; x_wconf 86' lang='lat' dir='ltr'>ae</span> <span class='ocrx_word' id='word_1_151' title='bbox 1177 1445 1366 1494; x_wconf 88' lang='lat' dir='ltr'>fortuito,</span> <span class='ocrx_word' id='word_1_152' title='bbox 1399 1454 1439 1486; x_wconf 88' lang='lat' dir='ltr'>et</span> <span class='ocrx_word' id='word_1_153' title='bbox 1465 1445 1685 1500; x_wconf 82' lang='lat' dir='ltr'>scriptores</span> <span class='ocrx_word' id='word_1_154' title='bbox 1710 1459 1804 1499; x_wconf 88' lang='lat' dir='ltr'>pcr-</span> 
     </span>
     <span class='ocr_line' id='line_1_26' title="bbox 447 1503 1804 1561; baseline -0.002 -12"><span class='ocrx_word' id='word_1_155' title='bbox 447 1516 609 1549; x_wconf 72' lang='lat' dir='ltr'>veteres</span> <span class='ocrx_word' id='word_1_156' title='bbox 643 1509 694 1549; x_wconf 88' lang='lat' dir='ltr'>de</span> <span class='ocrx_word' id='word_1_157' title='bbox 725 1513 897 1548; x_wconf 88' lang='lat' dir='ltr'>numero</span> <span class='ocrx_word' id='word_1_158' title='bbox 923 1507 1025 1548; x_wconf 88' lang='lat' dir='ltr'>nihil</span> <span class='ocrx_word' id='word_1_159' title='bbox 1062 1507 1248 1555; x_wconf 90' lang='lat' dir='ltr'>omnino,</span> <span class='ocrx_word' id='word_1_160' title='bbox 1287 1507 1337 1547; x_wconf 88' lang='lat' dir='ltr'>de</span> <span class='ocrx_word' id='word_1_161' title='bbox 1363 1503 1547 1548; x_wconf 80' lang='lat' dir='ltr'>oratione</span> <span class='ocrx_word' id='word_1_162' title='bbox 1583 1514 1804 1561; x_wconf 86' lang='lat' dir='ltr'>praecepta</span> 
     </span>
     <span class='ocr_line' id='line_1_27' title="bbox 446 1569 1804 1623; baseline -0.001 -13"><span class='ocrx_word' id='word_1_163' title='bbox 446 1571 576 1611; x_wconf 89' lang='lat' dir='ltr'>multa</span> <span class='ocrx_word' id='word_1_164' title='bbox 600 1570 719 1611; x_wconf 90' lang='lat' dir='ltr'>nobis</span> <span class='ocrx_word' id='word_1_165' title='bbox 745 1570 1017 1623; x_wconf 84' lang='lat' dir='ltr'>reliquerunt,</span> <span class='ocrx_word' id='word_1_166' title='bbox 1048 1585 1144 1609; x_wconf 91' lang='lat' dir='ltr'>nam</span> <span class='ocrx_word' id='word_1_167' title='bbox 1170 1569 1281 1623; x_wconf 92' lang='lat' dir='ltr'>quod</span> <span class='ocrx_word' id='word_1_168' title='bbox 1305 1577 1346 1610; x_wconf 83' lang='lat' dir='ltr'>et</span> <span class='ocrx_word' id='word_1_169' title='bbox 1371 1569 1532 1610; x_wconf 78' lang='lat' dir='ltr'>facilius</span> <span class='ocrx_word' id='word_1_170' title='bbox 1565 1577 1628 1610; x_wconf 84' lang='lat' dir='ltr'>est</span> <span class='ocrx_word' id='word_1_171' title='bbox 1653 1576 1693 1610; x_wconf 88' lang='grc' dir='ltr'>θῖ</span> <span class='ocrx_word' id='word_1_172' title='bbox 1716 1584 1804 1609; x_wconf 88' lang='lat' dir='ltr'>ma-</span> 
     </span>
     <span class='ocr_line' id='line_1_28' title="bbox 447 1631 1804 1686; baseline 0 -15"><span class='ocrx_word' id='word_1_173' title='bbox 447 1632 510 1686; x_wconf 80' lang='lat' dir='ltr'>gis</span> <span class='ocrx_word' id='word_1_174' title='bbox 548 1632 846 1680; x_wconf 82' lang='lat' dir='ltr'>necessarium,</span> <span class='ocrx_word' id='word_1_175' title='bbox 890 1631 932 1671; x_wconf 90' lang='lat' dir='ltr'>id</span> <span class='ocrx_word' id='word_1_176' title='bbox 970 1646 1133 1686; x_wconf 80' lang='lat' dir='ltr'>semper</span> <span class='ocrx_word' id='word_1_177' title='bbox 1177 1642 1270 1671; x_wconf 88' lang='lat' dir='ltr'>ante</span> <span class='ocrx_word' id='word_1_178' title='bbox 1319 1631 1594 1686; x_wconf 74' lang='lat' dir='ltr'>cognoscitur.</span> <span class='ocrx_word' id='word_1_179' title='bbox 1666 1631 1804 1684; x_wconf 87' lang='lat' dir='ltr'>itaque</span> 
     </span>
     <span class='ocr_line' id='line_1_29' title="bbox 447 1693 1802 1747; baseline -0.001 -14"><span class='ocrx_word' id='word_1_180' title='bbox 447 1693 595 1733; x_wconf 88' lang='lat' dir='ltr'>tralata.</span> <span class='ocrx_word' id='word_1_181' title='bbox 631 1702 701 1734; x_wconf 84' lang='lat' dir='ltr'>aut</span> <span class='ocrx_word' id='word_1_182' title='bbox 737 1694 847 1733; x_wconf 88' lang='lat' dir='ltr'>facta</span> <span class='ocrx_word' id='word_1_183' title='bbox 885 1701 955 1733; x_wconf 82' lang='lat' dir='ltr'>aut</span> <span class='ocrx_word' id='word_1_184' title='bbox 990 1693 1129 1733; x_wconf 82' lang='lat' dir='ltr'>iuncta</span> <span class='ocrx_word' id='word_1_185' title='bbox 1166 1694 1293 1733; x_wconf 70' lang='lat' dir='ltr'>verba</span> <span class='ocrx_word' id='word_1_186' title='bbox 1334 1693 1455 1733; x_wconf 82' lang='lat' dir='ltr'>facile</span> <span class='ocrx_word' id='word_1_187' title='bbox 1494 1701 1590 1733; x_wconf 82' lang='lat' dir='ltr'>sunt</span> <span class='ocrx_word' id='word_1_188' title='bbox 1625 1693 1802 1747; x_wconf 59' lang='lat' dir='ltr'>cognita„</span> 
     </span>
     <span class='ocr_line' id='line_1_30' title="bbox 447 1755 1802 1808; baseline -0.001 -13"><span class='ocrx_word' id='word_1_189' title='bbox 447 1755 543 1808; x_wconf 88' lang='lat' dir='ltr'>quia</span> <span class='ocrx_word' id='word_1_190' title='bbox 575 1756 845 1795; x_wconf 78' lang='lat' dir='ltr'>sumebantur</span> <span class='ocrx_word' id='word_1_191' title='bbox 875 1770 897 1795; x_wconf 91' lang='lat' dir='ltr'>e</span> <span class='ocrx_word' id='word_1_192' title='bbox 931 1755 1230 1796; x_wconf 88' lang='lat' dir='ltr'>consuetudine</span> <span class='ocrx_word' id='word_1_193' title='bbox 1268 1755 1555 1808; x_wconf 82' lang='lat' dir='ltr'>cotidianoque</span> <span class='ocrx_word' id='word_1_194' title='bbox 1594 1770 1802 1803; x_wconf 82' lang='lat' dir='ltr'>scrmone3</span> 
     </span>
     <span class='ocr_line' id='line_1_31' title="bbox 445 1817 1803 1871; baseline -0.001 -14"><span class='ocrx_word' id='word_1_195' title='bbox 445 1832 642 1857; x_wconf 88' lang='lat' dir='ltr'>numerus</span> <span class='ocrx_word' id='word_1_196' title='bbox 670 1824 807 1858; x_wconf 88' lang='lat' dir='ltr'>autem</span> <span class='ocrx_word' id='word_1_197' title='bbox 833 1832 916 1857; x_wconf 89' lang='lat' dir='ltr'>non</span> <span class='ocrx_word' id='word_1_198' title='bbox 942 1817 1065 1857; x_wconf 88' lang='lat' dir='ltr'>domo</span> <span class='ocrx_word' id='word_1_199' title='bbox 1105 1817 1424 1871; x_wconf 83' lang='lat' dir='ltr'>depromebatur</span> <span class='ocrx_word' id='word_1_200' title='bbox 1459 1832 1593 1870; x_wconf 89' lang='lat' dir='ltr'>neque</span> <span class='ocrx_word' id='word_1_201' title='bbox 1625 1817 1803 1857; x_wconf 87' lang='lat' dir='ltr'>habebat</span> 
     </span>
     <span class='ocr_line' id='line_1_32' title="bbox 448 1873 1804 1934; baseline -0.001 -15"><span class='ocrx_word' id='word_1_202' title='bbox 448 1879 627 1932; x_wconf 85' lang='lat' dir='ltr'>aliquam</span> <span class='ocrx_word' id='word_1_203' title='bbox 663 1879 1013 1920; x_wconf 83' lang='lat' dir='ltr'>necessitudinem</span> <span class='ocrx_word' id='word_1_204' title='bbox 1052 1873 1122 1919; x_wconf 70' lang='lat' dir='ltr'>aut</span> <span class='ocrx_word' id='word_1_205' title='bbox 1160 1879 1449 1934; x_wconf 76' lang='lat' dir='ltr'>cognationem</span> <span class='ocrx_word' id='word_1_206' title='bbox 1481 1894 1573 1919; x_wconf 91' lang='lat' dir='ltr'>cum</span> <span class='ocrx_word' id='word_1_207' title='bbox 1606 1879 1804 1927; x_wconf 81' lang='lat' dir='ltr'>oratione:</span> 
     </span>
     <span class='ocr_line' id='line_1_33' title="bbox 446 1940 1804 1995; baseline -0.001 -14"><span class='ocrx_word' id='word_1_208' title='bbox 446 1942 586 1994; x_wconf 89' lang='lat' dir='ltr'>itaque</span> <span class='ocrx_word' id='word_1_209' title='bbox 623 1941 754 1982; x_wconf 88' lang='lat' dir='ltr'>scrius</span> <span class='ocrx_word' id='word_1_210' title='bbox 793 1941 1002 1994; x_wconf 89' lang='lat' dir='ltr'>aliquanto</span> <span class='ocrx_word' id='word_1_211' title='bbox 1038 1949 1204 1982; x_wconf 87' lang='lat' dir='ltr'>notatus</span> <span class='ocrx_word' id='word_1_212' title='bbox 1232 1949 1273 1981; x_wconf 84' lang='lat' dir='ltr'>ct</span> <span class='ocrx_word' id='word_1_213' title='bbox 1303 1942 1493 1995; x_wconf 76' lang='lat' dir='ltr'>cognitus</span> <span class='ocrx_word' id='word_1_214' title='bbox 1525 1940 1643 1993; x_wconf 87' lang='lat' dir='ltr'>quasi</span> <span class='ocrx_word' id='word_1_215' title='bbox 1675 1955 1804 1993; x_wconf 88' lang='lat' dir='ltr'>quan—</span> 
     </span>
     <span class='ocr_line' id='line_1_34' title="bbox 448 2003 1802 2057; baseline -0.001 -14"><span class='ocrx_word' id='word_1_216' title='bbox 448 2003 544 2043; x_wconf 85' lang='lat' dir='ltr'>dam</span> <span class='ocrx_word' id='word_1_217' title='bbox 579 2003 829 2057; x_wconf 81' lang='lat' dir='ltr'>palaestram</span> <span class='ocrx_word' id='word_1_218' title='bbox 864 2012 905 2044; x_wconf 88' lang='lat' dir='ltr'>et</span> <span class='ocrx_word' id='word_1_219' title='bbox 943 2010 1128 2044; x_wconf 81' lang='lat' dir='ltr'>extrema</span> <span class='ocrx_word' id='word_1_220' title='bbox 1163 2003 1403 2043; x_wconf 83' lang='lat' dir='ltr'>liniamenta</span> <span class='ocrx_word' id='word_1_221' title='bbox 1445 2003 1618 2043; x_wconf 86' lang='lat' dir='ltr'>orationi</span> <span class='ocrx_word' id='word_1_222' title='bbox 1657 2003 1802 2043; x_wconf 86' lang='lat' dir='ltr'>attulit.</span> 
     </span>
     <span class='ocr_line' id='line_1_35' title="bbox 449 2064 1803 2119; baseline -0.001 -14"><span class='ocrx_word' id='word_1_223' title='bbox 449 2064 597 2117; x_wconf 90' lang='lat' dir='ltr'>quodsi</span> <span class='ocrx_word' id='word_1_224' title='bbox 634 2073 674 2105; x_wconf 86' lang='lat' dir='ltr'>ct</span> <span class='ocrx_word' id='word_1_225' title='bbox 711 2075 890 2119; x_wconf 67' lang='lat' dir='ltr'>ang-usta</span> <span class='ocrx_word' id='word_1_226' title='bbox 934 2066 1139 2118; x_wconf 87' lang='lat' dir='ltr'>quaedam</span> <span class='ocrx_word' id='word_1_227' title='bbox 1183 2075 1305 2118; x_wconf 88' lang='lat' dir='ltr'>atque</span> <span class='ocrx_word' id='word_1_228' title='bbox 1349 2065 1515 2105; x_wconf 84' lang='lat' dir='ltr'>concisa</span> <span class='ocrx_word' id='word_1_229' title='bbox 1550 2072 1590 2105; x_wconf 89' lang='lat' dir='ltr'>et</span> <span class='ocrx_word' id='word_1_230' title='bbox 1613 2065 1706 2106; x_wconf 80' lang='lat' dir='ltr'>‚alia</span> <span class='ocrx_word' id='word_1_231' title='bbox 1742 2072 1803 2104; x_wconf 82' lang='lat' dir='ltr'>est</span> 
     </span>
     <span class='ocr_line' id='line_1_36' title="bbox 448 2126 1803 2175; baseline -0.001 -9"><span class='ocrx_word' id='word_1_232' title='bbox 448 2127 618 2167; x_wconf 85' lang='lat' dir='ltr'>dilatata</span> <span class='ocrx_word' id='word_1_233' title='bbox 655 2135 695 2168; x_wconf 87' lang='lat' dir='ltr'>ct</span> <span class='ocrx_word' id='word_1_234' title='bbox 731 2128 825 2167; x_wconf 89' lang='lat' dir='ltr'>fusa</span> <span class='ocrx_word' id='word_1_235' title='bbox 872 2127 1022 2175; x_wconf 91' lang='lat' dir='ltr'>oratio,</span> <span class='ocrx_word' id='word_1_236' title='bbox 1067 2141 1239 2168; x_wconf 88' lang='lat' dir='ltr'>necesse</span> <span class='ocrx_word' id='word_1_237' title='bbox 1277 2135 1338 2167; x_wconf 90' lang='lat' dir='ltr'>est</span> <span class='ocrx_word' id='word_1_238' title='bbox 1381 2127 1423 2166; x_wconf 89' lang='lat' dir='ltr'>id</span> <span class='ocrx_word' id='word_1_239' title='bbox 1458 2142 1542 2167; x_wconf 90' lang='lat' dir='ltr'>non</span> <span class='ocrx_word' id='word_1_240' title='bbox 1577 2126 1803 2167; x_wconf 88' lang='lat' dir='ltr'>litterarum</span> 
     </span>
     <span class='ocr_line' id='line_1_37' title="bbox 449 2188 1801 2243; baseline -0.001 -15"><span class='ocrx_word' id='word_1_241' title='bbox 449 2188 634 2229; x_wconf 89' lang='lat' dir='ltr'>accidere</span> <span class='ocrx_word' id='word_1_242' title='bbox 659 2200 826 2235; x_wconf 87' lang='lat' dir='ltr'>natura,</span> <span class='ocrx_word' id='word_1_243' title='bbox 865 2189 940 2229; x_wconf 87' lang='lat' dir='ltr'>scd</span> <span class='ocrx_word' id='word_1_244' title='bbox 964 2189 1275 2229; x_wconf 78' lang='lat' dir='ltr'>intervallorum</span> <span class='ocrx_word' id='word_1_245' title='bbox 1307 2189 1526 2243; x_wconf 78' lang='lat' dir='ltr'>longorum</span> <span class='ocrx_word' id='word_1_246' title='bbox 1552 2199 1591 2237; x_wconf 85' lang='lat' dir='ltr'>et</span> <span class='ocrx_word' id='word_1_247' title='bbox 1617 2188 1801 2229; x_wconf 68' lang='lat' dir='ltr'>brevium</span> 
     </span>
     <span class='ocr_line' id='line_1_38' title="bbox 448 2250 1804 2306; baseline -0.001 -15"><span class='ocrx_word' id='word_1_248' title='bbox 448 2250 664 2300; x_wconf 76' lang='lat' dir='ltr'>varietate3</span> <span class='ocrx_word' id='word_1_249' title='bbox 703 2251 852 2304; x_wconf 88' lang='lat' dir='ltr'>quibus</span> <span class='ocrx_word' id='word_1_250' title='bbox 882 2251 1093 2306; x_wconf 88' lang='lat' dir='ltr'>implicata</span> <span class='ocrx_word' id='word_1_251' title='bbox 1118 2259 1240 2304; x_wconf 86' lang='lat' dir='ltr'>atque</span> <span class='ocrx_word' id='word_1_252' title='bbox 1277 2251 1482 2306; x_wconf 77' lang='lat' dir='ltr'>permixta</span> <span class='ocrx_word' id='word_1_253' title='bbox 1519 2250 1648 2291; x_wconf 86' lang='lat' dir='ltr'>oratio</span> <span class='ocrx_word' id='word_1_254' title='bbox 1675 2265 1804 2303; x_wconf 92' lang='lat' dir='ltr'>quon-</span> 
     </span>
     <span class='ocr_line' id='line_1_39' title="bbox 447 2312 1804 2362; baseline -0.001 -10"><span class='ocrx_word' id='word_1_255' title='bbox 447 2312 530 2353; x_wconf 87' lang='lat' dir='ltr'>iam</span> <span class='ocrx_word' id='word_1_256' title='bbox 571 2320 658 2352; x_wconf 91' lang='lat' dir='ltr'>tum</span> <span class='ocrx_word' id='word_1_257' title='bbox 704 2313 862 2353; x_wconf 89' lang='lat' dir='ltr'>stabilis</span> <span class='ocrx_word' id='word_1_258' title='bbox 905 2320 969 2354; x_wconf 82' lang='lat' dir='ltr'>est</span> <span class='ocrx_word' id='word_1_259' title='bbox 1012 2320 1099 2353; x_wconf 87' lang='lat' dir='ltr'>tum</span> <span class='ocrx_word' id='word_1_260' title='bbox 1141 2313 1353 2362; x_wconf 78' lang='lat' dir='ltr'>volubilis,</span> <span class='ocrx_word' id='word_1_261' title='bbox 1403 2327 1574 2354; x_wconf 86' lang='lat' dir='ltr'>neccsse</span> <span class='ocrx_word' id='word_1_262' title='bbox 1613 2320 1676 2353; x_wconf 84' lang='lat' dir='ltr'>est</span> <span class='ocrx_word' id='word_1_263' title='bbox 1717 2312 1804 2353; x_wconf 83' lang='lat' dir='ltr'>eius</span> 
     </span>
     <span class='ocr_line' id='line_1_40' title="bbox 448 2374 1803 2427; baseline 0 -14"><span class='ocrx_word' id='word_1_264' title='bbox 448 2374 560 2414; x_wconf 87' lang='lat' dir='ltr'>modi</span> <span class='ocrx_word' id='word_1_265' title='bbox 579 2382 769 2415; x_wconf 84' lang='lat' dir='ltr'>naturam</span> <span class='ocrx_word' id='word_1_266' title='bbox 788 2375 970 2416; x_wconf 89' lang='lat' dir='ltr'>numeris</span> <span class='ocrx_word' id='word_1_267' title='bbox 993 2375 1213 2424; x_wconf 82' lang='lat' dir='ltr'>contineri3</span> <span class='ocrx_word' id='word_1_268' title='bbox 1240 2390 1336 2415; x_wconf 91' lang='lat' dir='ltr'>nam</span> <span class='ocrx_word' id='word_1_269' title='bbox 1363 2375 1555 2415; x_wconf 85' lang='lat' dir='ltr'>circuitus</span> <span class='ocrx_word' id='word_1_270' title='bbox 1575 2375 1655 2423; x_wconf 89' lang='lat' dir='ltr'>ille,</span> <span class='ocrx_word' id='word_1_271' title='bbox 1682 2389 1803 2427; x_wconf 88' lang='lat' dir='ltr'>quem</span> 
     </span>
     <span class='ocr_line' id='line_1_41' title="bbox 450 2437 1805 2493; baseline 0 -16"><span class='ocrx_word' id='word_1_272' title='bbox 450 2452 574 2492; x_wconf 86' lang='lat' dir='ltr'>saepe</span> <span class='ocrx_word' id='word_1_273' title='bbox 599 2438 682 2478; x_wconf 89' lang='lat' dir='ltr'>iam</span> <span class='ocrx_word' id='word_1_274' title='bbox 708 2438 909 2485; x_wconf 78' lang='lat' dir='ltr'>diximus,</span> <span class='ocrx_word' id='word_1_275' title='bbox 941 2439 1148 2480; x_wconf 86' lang='lat' dir='ltr'>incitatior</span> <span class='ocrx_word' id='word_1_276' title='bbox 1172 2454 1342 2479; x_wconf 88' lang='lat' dir='ltr'>numero</span> <span class='ocrx_word' id='word_1_277' title='bbox 1369 2438 1458 2493; x_wconf 87' lang='lat' dir='ltr'>ipso</span> <span class='ocrx_word' id='word_1_278' title='bbox 1485 2440 1614 2479; x_wconf 87' lang='lat' dir='ltr'>fertur</span> <span class='ocrx_word' id='word_1_279' title='bbox 1639 2445 1680 2479; x_wconf 88' lang='lat' dir='ltr'>et</span> <span class='ocrx_word' id='word_1_280' title='bbox 1702 2437 1805 2478; x_wconf 90' lang='lat' dir='ltr'>labi-</span> 
     </span>
     <span class='ocr_line' id='line_1_42' title="bbox 450 2500 1426 2555; baseline 0.002 -17"><span class='ocrx_word' id='word_1_281' title='bbox 450 2508 533 2546; x_wconf 80' lang='lat' dir='ltr'>tur,</span> <span class='ocrx_word' id='word_1_282' title='bbox 561 2500 697 2553; x_wconf 89' lang='lat' dir='ltr'>quoad</span> <span class='ocrx_word' id='word_1_283' title='bbox 720 2501 933 2555; x_wconf 77' lang='lat' dir='ltr'>perveniat</span> <span class='ocrx_word' id='word_1_284' title='bbox 961 2501 1013 2541; x_wconf 88' lang='lat' dir='ltr'>ad</span> <span class='ocrx_word' id='word_1_285' title='bbox 1037 2501 1162 2541; x_wconf 88' lang='lat' dir='ltr'>finem</span> <span class='ocrx_word' id='word_1_286' title='bbox 1188 2508 1227 2541; x_wconf 88' lang='lat' dir='ltr'>et</span> <span class='ocrx_word' id='word_1_287' title='bbox 1251 2500 1426 2541; x_wconf 82' lang='lat' dir='ltr'>insistat.</span> 
     </span>
    </p>

    <p class='ocr_par' dir='ltr' id='par_1_9' title="bbox 528 2561 1804 2618">
     <span class='ocr_line' id='line_1_43' title="bbox 528 2561 1804 2618; baseline -0.001 -16"><span class='ocrx_word' id='word_1_288' title='bbox 528 2562 806 2616; x_wconf 88' lang='lat' dir='ltr'>Perspicuum</span> <span class='ocrx_word' id='word_1_289' title='bbox 843 2571 906 2603; x_wconf 85' lang='lat' dir='ltr'>est</span> <span class='ocrx_word' id='word_1_290' title='bbox 943 2563 1069 2618; x_wconf 79' lang='lat' dir='ltr'>igitur</span> <span class='ocrx_word' id='word_1_291' title='bbox 1106 2563 1287 2603; x_wconf 82' lang='lat' dir='ltr'>numeris</span> <span class='ocrx_word' id='word_1_292' title='bbox 1332 2562 1541 2603; x_wconf 78' lang='lat' dir='ltr'>astrictam</span> <span class='ocrx_word' id='word_1_293' title='bbox 1579 2561 1804 2602; x_wconf 87' lang='lat' dir='ltr'>orationem</span> 
     </span>
    </p>
   </div>
   <div class='ocr_carea' id='block_1_8' title="bbox 382 2623 1804 2678">
    <p class='ocr_par' dir='ltr' id='par_1_10' title="bbox 382 2623 1804 2678">
     <span class='ocr_line' id='line_1_44' title="bbox 382 2623 1804 2678; baseline 0.002 -19"><span class='ocrx_word' id='word_1_294' title='bbox 382 2637 427 2661; x_wconf 67' lang='lat'>188</span> <span class='ocrx_word' id='word_1_295' title='bbox 452 2637 543 2663; x_wconf 80' lang='lat' dir='ltr'>esse</span> <span class='ocrx_word' id='word_1_296' title='bbox 581 2624 750 2671; x_wconf 89' lang='lat' dir='ltr'>debere,</span> <span class='ocrx_word' id='word_1_297' title='bbox 789 2639 928 2665; x_wconf 90' lang='lat' dir='ltr'>carere</span> <span class='ocrx_word' id='word_1_298' title='bbox 967 2624 1176 2673; x_wconf 79' lang='lat' dir='ltr'>versibus3</span> <span class='ocrx_word' id='word_1_299' title='bbox 1222 2625 1296 2665; x_wconf 85' lang='lat' dir='ltr'>sed</span> <span class='ocrx_word' id='word_1_300' title='bbox 1333 2624 1369 2665; x_wconf 91' lang='lat' dir='ltr'>ei</span> <span class='ocrx_word' id='word_1_301' title='bbox 1407 2624 1567 2665; x_wconf 87' lang='lat' dir='ltr'>numeri</span> <span class='ocrx_word' id='word_1_302' title='bbox 1602 2623 1804 2678; x_wconf 85' lang='lat' dir='ltr'>po&#39;c&#39;ticine</span> 
     </span>
    </p>
   </div>
   <div class='ocr_carea' id='block_1_9' title="bbox 453 2683 1804 2803">
    <p class='ocr_par' dir='ltr' id='par_1_11' title="bbox 453 2683 1804 2803">
     <span class='ocr_line' id='line_1_45' title="bbox 454 2683 1803 2741; baseline 0.001 -19"><span class='ocrx_word' id='word_1_303' title='bbox 454 2683 533 2724; x_wconf 87' lang='lat' dir='ltr'>sint</span> <span class='ocrx_word' id='word_1_304' title='bbox 560 2700 611 2724; x_wconf 90' lang='lat' dir='ltr'>an</span> <span class='ocrx_word' id='word_1_305' title='bbox 637 2700 687 2725; x_wconf 81' lang='lat' dir='ltr'>ex</span> <span class='ocrx_word' id='word_1_306' title='bbox 714 2686 792 2727; x_wconf 88' lang='lat' dir='ltr'>alio</span> <span class='ocrx_word' id='word_1_307' title='bbox 824 2701 976 2741; x_wconf 81' lang='lat' dir='ltr'>genere</span> <span class='ocrx_word' id='word_1_308' title='bbox 1017 2686 1198 2739; x_wconf 90' lang='lat' dir='ltr'>quodam</span> <span class='ocrx_word' id='word_1_309' title='bbox 1235 2686 1430 2741; x_wconf 85' lang='lat' dir='ltr'>deinceps</span> <span class='ocrx_word' id='word_1_310' title='bbox 1469 2694 1531 2727; x_wconf 86' lang='lat' dir='ltr'>est</span> <span class='ocrx_word' id='word_1_311' title='bbox 1567 2685 1803 2726; x_wconf 73' lang='lat' dir='ltr'>videndum.</span> 
     </span>
     <span class='ocr_line' id='line_1_46' title="bbox 453 2745 1804 2803; baseline 0.001 -19"><span class='ocrx_word' id='word_1_312' title='bbox 453 2745 588 2786; x_wconf 85' lang='lat' dir='ltr'>nullus</span> <span class='ocrx_word' id='word_1_313' title='bbox 616 2754 676 2787; x_wconf 88' lang='lat' dir='ltr'>est</span> <span class='ocrx_word' id='word_1_314' title='bbox 702 2747 826 2801; x_wconf 77' lang='lat' dir='ltr'>igitur</span> <span class='ocrx_word' id='word_1_315' title='bbox 851 2763 1046 2789; x_wconf 87' lang='lat' dir='ltr'>numerus</span> <span class='ocrx_word' id='word_1_316' title='bbox 1073 2756 1189 2789; x_wconf 84' lang='lat' dir='ltr'>extra</span> <span class='ocrx_word' id='word_1_317' title='bbox 1213 2748 1415 2803; x_wconf 66' lang='lat' dir='ltr'>poeticos.</span> <span class='ocrx_word' id='word_1_318' title='bbox 1453 2754 1671 2802; x_wconf 85' lang='lat' dir='ltr'>propterca</span> <span class='ocrx_word' id='word_1_319' title='bbox 1695 2745 1804 2800; x_wconf 88' lang='lat' dir='ltr'>quod</span> 
     </span>
    </p>
   </div>
  </div>
 </body>
</html>
