1859 3069
273 974 319 998 104

273 1532 321 1557 193

272 2153 319 2177 196

348 183 428 225 102
751 190 800 225 M.
827 189 1003 226 TULLII
1030 187 1294 223 CICERONIS

403 288 624 329 segregare
651 273 725 313 abs
751 280 791 312 te
817 270 957 311 ausu's
985 276 1056 310 aut
1080 268 1168 310 sinc
1186 268 1256 310 illo
1279 267 1492 310 Salamina
1517 268 1701 324 ingredi?

401 349 535 388 neque
560 341 779 389 paternum
805 338 1020 386 aspectum
1045 345 1090 372 es
1117 329 1298 371 veritus?

345 411 570 449 numquam
594 395 711 435 illum
736 402 952 448 aspectum
977 392 1154 442 dicebat,
1179 392 1278 446 quin
1301 392 1403 433 mihi
1423 393 1596 434 Telamo
1621 392 1701 433 ira-

345 470 411 501 tus
436 460 572 500 furere
596 458 710 498 luctu
735 456 807 497 filii
827 456 1054 505 videretur3
1082 462 1124 496 at
1147 455 1258 496 idem
1277 455 1430 497 inflexa
1455 456 1506 496 ad
1531 455 1702 497 misera-

344 521 469 561 bilem
496 534 645 561 sonum
670 533 785 568 voce,

684 595 779 621 cum
804 587 938 622 aetate
963 587 1110 622 exacta
1133 579 1318 635 indigem

400 645 576 685 liberum
594 643 798 693 lacerasti,
824 643 993 692 orbasti,
1020 642 1236 693 exstinxti3
1262 657 1398 696 neque
1417 641 1555 683 fratris
1574 641 1702 691 necis,

399 720 534 760 neque
549 705 636 747 eius
656 705 772 760 gnati
784 705 915 761 parvi,
955 706 1025 760 qui
1055 706 1129 747 tibi
1152 706 1195 747 in
1226 706 1398 747 tutelam
1424 714 1488 748 est
1512 705 1700 754 traditus,

344 769 448 810 flens
493 782 542 809 ac
583 767 733 823 lugens
767 768 903 810 dicere
947 768 1182 818 videbatur3
1225 782 1331 822 quae
1375 768 1409 809 si
1444 767 1512 810 ille
1543 767 1702 817 histrio,

345 830 496 872 cotidie
539 844 634 871 cum
676 838 837 885 ageret,
887 837 1026 871 tamen
1074 828 1222 885 [recte]
1263 845 1386 886 agere
1430 830 1518 871 sinc
1561 829 1703 871 dolore

344 909 427 934 non
462 899 641 948 poterat,
679 892 779 946 quid
813 892 1045 933 Pacuvium
1081 892 1235 947 putatis
1272 892 1315 933 in
1358 892 1576 934 scribendo
1620 891 1702 933 leni

345 955 482 996 animo
508 968 557 996 ac
579 954 755 995 remisso
781 954 937 995 fuisse?
966 954 1055 996 fieri
1079 954 1193 996 nullo
1222 954 1346 996 modo
1370 954 1517 1009 potuit.
1578 968 1702 1008 saepe

346 1017 455 1058 enim
486 1017 626 1058 audivi
656 1020 824 1071 poetam
858 1016 1015 1058 bonum
1045 1016 1255 1057 neminem
1278 1041 1334 1046 —
1358 1017 1400 1057 id
1431 1016 1543 1070 quod
1567 1031 1592 1057 a
1614 1016 1703 1056 Dc-

344 1079 516 1121 mocrito
553 1086 594 1120 01
627 1079 805 1120 Platone
841 1078 884 1119 in
920 1078 1084 1133 scriptis
1120 1078 1309 1119 relictum
1346 1093 1439 1119 esse
1477 1078 1619 1118 dicunt
1649 1102 1704 1106 —

345 1141 434 1183 sine
476 1141 801 1183 inflammatione
845 1141 1077 1182 animorum
1118 1141 1319 1183 exsistere
1361 1156 1487 1196 posse
1531 1148 1573 1182 01
1615 1141 1703 1181 sine

346 1204 526 1257 quodam
552 1204 707 1244 adflatu
738 1203 858 1257 quasi
894 1203 1059 1245 furoris.
1119 1217 1202 1257 qua
1225 1219 1269 1244 re
1301 1203 1428 1244 nolite
1466 1202 1702 1244 existimare

343 1281 410 1307 me
434 1265 585 1321 ipsum,
611 1266 681 1319 qui
705 1281 790 1307 non
814 1265 987 1307 heroum
1006 1273 1168 1306 veteres
1195 1279 1317 1306 casus
1343 1265 1546 1319 fictosque
1565 1265 1702 1306 luctus

344 1328 468 1369 velim
492 1328 644 1369 imitari
669 1335 792 1382 atquc
824 1329 1071 1369 adumbrare
1103 1328 1278 1369 dicendo
1314 1341 1450 1381 neque
1481 1334 1595 1369 actor
1626 1327 1703 1369 sim

346 1390 505 1431 alienae
529 1405 753 1445 personae,
781 1390 855 1432 sed
880 1398 1023 1431 auctor
1047 1405 1185 1440 meac,
1224 1404 1318 1431 cum
1341 1389 1443 1430 mihi
1466 1389 1543 1430 Μ’.
1569 1389 1703 1443 Aqui-

344 1452 424 1493 lius
449 1452 492 1492 in
517 1452 683 1495 civitate
707 1452 950 1494 retinendus
976 1459 1106 1501 esset,
1138 1466 1244 1505 quac
1269 1451 1312 1492 in
1336 1452 1408 1493 illa
1433 1466 1559 1492 causa
1581 1467 1703 1507 pero-

345 1514 476 1554 randa
511 1514 700 1564 fecerim,
739 1515 828 1556 sine
858 1530 1012 1569 magno
1050 1514 1192 1555 dolore
1223 1514 1394 1555 fecisse:
1432 1528 1557 1568 quem
1593 1513 1701 1555 enim

345 1591 424 1631 ego
464 1577 677 1618 consulem
720 1577 869 1626 fuisse,
913 1577 1206 1631 imperatorem
1248 1583 1439 1618 ornatum
1476 1591 1500 1617 a
1541 1582 1701 1625 senatu,

345 1646 538 1678 ovantem
579 1638 622 1678 in
666 1637 921 1693 Capitolium
964 1638 1204 1679 ascendisse
1246 1637 1550 1687 meminissem,
1593 1637 1703 1677 hunc

345 1714 439 1740 011111
465 1699 694 1749 adflictum,
722 1700 993 1749 debilitatum,
1019 1707 1291 1749 maerentem,
1317 1700 1360 1740 in
1386 1714 1594 1740 summum
1619 1698 1703 1739 dis-

344 1762 500 1802 crimen
526 1762 751 1803 adductum
776 1762 980 1811 viderem,
1012 1777 1096 1803 non
1120 1762 1234 1817 prius
1262 1777 1354 1803 sum
1379 1768 1551 1803 conatus
1578 1761 1703 1802 mise-

342 1823 563 1865 ricordiam
588 1824 678 1865 aliis
705 1838 985 1873 commovere,
1018 1838 1145 1877 quam
1175 1823 1462 1865 misericordia
1493 1838 1586 1864 sum
1611 1823 1702 1878 ipsc

344 1894 509 1941 captus:
543 1886 656 1928 sensi
681 1887 875 1940 equidem
900 1894 987 1927 tum
1011 1901 1164 1941 magno
1197 1900 1322 1941 opere
1346 1885 1505 1927 moveri
1529 1884 1700 1934 iudices,

345 1948 644 1989 cumexcitavi
674 1956 881 1990 maestum
907 1962 955 1989 ac
981 1948 1240 1989 sordidatum
1272 1962 1415 1989 senem
1440 1954 1481 1988 et
1505 1961 1599 1987 cum
1622 1947 1703 1988 ista

343 2011 444 2060 feci,
482 2025 589 2064 quae
625 2018 688 2061 tu,
729 2010 904 2060 Crasse,
941 2010 1107 2059 laudas,
1142 2025 1227 2052 non
1264 2017 1370 2060 arte,
1408 2009 1459 2051 de
1490 2023 1573 2063 qua
1604 2009 1702 2062 quid

343 2073 489 2126 loquar
530 2073 691 2123 nescio,
736 2073 811 2114 sed
852 2080 968 2114 motu
1010 2087 1163 2127 magno
1207 2072 1333 2113 animi
1370 2086 1418 2113 ac
1455 2072 1615 2122 dolore,
1657 2079 1703 2113 111

344 2134 621 2176 discinderem
646 2135 847 2184 tunicam,
884 2143 930 2176 ut
955 2134 1167 2176 cicatrices
1193 2135 1469 2176 ostenderem.
1529 2148 1623 2175 cum
1650 2133 1700 2175 C.

343 2197 506 2239 Marius
544 2212 774 2239 maerorem
815 2197 1012 2239 orationis
1055 2212 1173 2239 meae
1214 2212 1415 2253 praesens
1460 2211 1508 2238 ac
1550 2197 1700 2238 sedens

342 2260 519 2301 multum
543 2260 724 2301 lacrimis
752 2260 837 2301 suis
864 2260 1080 2301 adiuvaret
1106 2274 1284 2313 cumque
1310 2274 1388 2315 ego
1413 2259 1531 2300 illum
1556 2259 1700 2300 crebro

344 2323 558 2377 appellans
585 2323 803 2378 conlegam
828 2322 866 2364 ei
891 2337 1013 2363 suum
1048 2322 1383 2363 commendarem
1416 2328 1538 2375 atquc
1563 2321 1700 2376 ipsum

345 2385 592 2425 advocatum
617 2385 670 2425 ad
694 2399 958 2426 communem
992 2384 1291 2439 imperatorum
1321 2384 1531 2425 fortunam
1557 2382 1700 2424 defen-

345 2445 524 2487 dendam
557 2447 815 2496 invocarem,
858 2462 943 2488 non
978 2446 1057 2487 fuit
1091 2446 1194 2488 haec
1233 2446 1322 2487 sine
1357 2445 1461 2487 meis
1504 2444 1697 2493 lacrimis,

344 2523 427 2549 11011
466 2509 553 2550 sinc
590 2510 731 2551 dolore
760 2509 950 2565 [magno]
979 2509 1191 2550 miseratio
1228 2508 1495 2561 omniumque
1527 2507 1698 2548 deorum

345 2579 386 2609 et
421 2570 635 2612 hominum
670 2580 711 2613 01
748 2572 899 2613 civium
935 2579 976 2613 et
1012 2571 1219 2613 sociorum
1254 2569 1505 2625 implorati03
1548 2568 1696 2621 quibus

346 2632 537 2674 omnibus
574 2634 732 2684 verbis,
770 2649 876 2687 quae
909 2650 933 2674 a
963 2649 1030 2674 1110
1061 2641 1150 2674 tum
1186 2640 1283 2674 sunt
1318 2632 1477 2680 habita,
1516 2630 1550 2671 si
1581 2628 1697 2669 dolor

346 2693 519 2735 afuisset
554 2710 690 2744 meus,
733 2711 817 2737 non
858 2696 981 2738 modo
1018 2711 1101 2737 11011
1143 2694 1409 2743 miserabilis,
1454 2691 1527 2734 scd
1571 2691 1695 2732 etiam
