1859 3069
399 219 466 253 DE
495 218 733 253 ORATORE
757 218 806 252 ΙΙ.
830 217 1031 252 3412-349.
1303 206 1380 247 137

41 300 313 356 excogitando
349 299 410 340 vis
450 300 651 353 quaedam
687 299 841 354 ingenii
866 306 906 339 et
929 298 1021 353 ipsa
1056 296 1290 351 eloquentia
1314 296 1386 337 ad-

40 363 266 404 mirationis
292 362 446 403 habent
469 378 553 403 non
587 361 743 411 minus,
781 360 1044 402 iucunditatis
1080 359 1235 400 minus:
1271 358 1384 413 ipsos

41 425 149 467 enim
173 424 306 479 magis
333 424 540 472 videntur,
578 438 681 476 quos
706 422 941 471 laudamus,
980 435 1102 475 quam
1126 421 1238 470 illos,
1276 420 1386 474 apud

42 502 142 540 quos
168 486 403 534 laudamus,
442 500 587 526 ornare
614 498 661 525 ac
686 484 808 533 tueri3
847 484 922 525 sed
946 492 1083 524 tamen
1107 482 1149 523 in
1178 482 1386 523 laudando

40 548 250 603 iungenda
276 555 371 588 sunt
396 547 519 588 etiam
546 546 646 587 haec
676 561 830 601 genera
865 545 1079 594 virtutum,
1116 545 1254 586 ferunt
1278 543 1387 584 enim

43 625 161 651 aures
199 609 412 651 hominum
454 623 547 649 cum
577 607 664 657 illa,
702 622 807 660 quac
844 607 1022 647 iucunda
1053 614 1093 648 et
1128 613 1262 661 grata,
1300 614 1386 646 tum

42 672 165 712 etiam
188 672 270 720 illa,
298 686 401 724 quae
426 670 628 710 mirabilia
648 677 743 709 sunt
765 669 809 709 in
832 669 994 717 virtute,
1019 668 1196 718 laudari3
1222 676 1262 708 et.
1287 682 1387 720 quo—

42 733 152 773 niam
179 733 433 787 singularum
458 731 655 772 virtutum
681 738 776 770 sunt
806 738 917 771 certa
953 730 1155 783 quaedam
1180 729 1317 771 officia
1340 743 1388 769 ae

41 810 212 835 munera
236 802 277 835 et
302 809 376 834 sua
413 793 559 846 cuique
595 792 736 833 virtuti
760 792 849 832 laus
885 792 1052 846 propria
1087 792 1275 840 debetur,
1313 790 1388 831 erit

43 856 331 911 explicandum
355 855 398 895 in
421 855 542 895 laude
567 853 764 902 iustitiae,
797 854 894 906 quid
919 868 1011 894 cum
1035 854 1134 902 fide,
1171 853 1269 907 quid
1294 867 1387 893 cum

43 917 349 970 aequabilitate,
387 915 485 969 quid
510 930 603 957 cum
628 916 715 956 eius
753 915 863 956 modi
901 915 1037 968 aliquo
1067 916 1203 957 officio
1227 915 1282 965 is,
1320 916 1386 969 qui

41 978 292 1027 laudabitur,
341 978 502 1027 feccrit3
550 978 731 1031 itemque
772 977 814 1018 in
858 977 1002 1018 ceteris
1044 992 1110 1018 res
1152 985 1294 1032 gestae
1336 978 1389 1018 ad

43 1040 239 1093 cuiusque
274 1039 435 1080 virtutis
474 1054 605 1094 genus
638 1047 679 1079 et
713 1039 797 1080 vim
833 1046 873 1079 et
907 1054 1058 1079 nomen
1099 1039 1388 1080 adcommoda-

42 1103 204 1143 buntur.
264 1101 500 1156 gratissima
525 1110 662 1142 autem
686 1101 776 1141 laus
803 1116 943 1141 corum
967 1102 1170 1141 factorum
1199 1101 1385 1150 habetur,

43 1179 146 1217 quae
174 1171 368 1219 suscepta
403 1163 593 1204 videntur
619 1178 643 1203 a
666 1162 764 1203 viris
790 1163 965 1203 sortibus
993 1162 1080 1203 sine
1111 1162 1388 1204 emolumento

43 1241 90 1267 ac
114 1225 316 1281 praemio3
343 1240 448 1278 quae
472 1240 569 1266 vero
590 1225 713 1265 etiam
734 1239 826 1265 cum
844 1225 984 1265 labore
1012 1239 1058 1265 ac
1076 1224 1257 1279 periculo
1278 1224 1389 1279 ipso-

42 1304 150 1336 rum,
194 1288 295 1328 haec
337 1287 492 1327 habent
532 1287 782 1327 uberrimam
824 1286 984 1340 copiam
1027 1286 1079 1326 ad
1121 1286 1386 1335 laudandum,

45 1350 153 1403 quod
179 1357 219 1390 ct
244 1349 323 1389 dici
359 1349 618 1390 ornatissime
654 1356 830 1404 possunt
855 1356 894 1389 ct
926 1348 1056 1389 audiri
1092 1348 1301 1397 facillimc;
1340 1363 1388 1388 ea

44 1411 153 1452 enim
179 1411 354 1463 denique
380 1410 509 1451 virtus
541 1425 633 1451 esse
670 1410 832 1451 videtur
867 1410 1114 1465 praestantis
1152 1410 1245 1459 viri,
1283 1424 1387 1463 quae

44 1482 107 1515 est
131 1474 342 1513 fructuosa
367 1472 474 1521 aliis,
512 1472 592 1527 ipsi
618 1480 688 1513 aut
721 1473 927 1513 laboriosa
959 1480 1028 1512 aut
1062 1472 1293 1527 periculosa
1318 1479 1388 1512 aut

44 1543 152 1576 certe
189 1534 378 1590 gantuita.
438 1550 590 1589 magna
625 1534 749 1574 etiam
772 1534 843 1574 illa
872 1533 961 1574 laus
988 1541 1029 1574 et
1053 1533 1302 1574 admirabilis
1328 1533 1389 1573 vi-

43 1597 129 1637 deri
155 1596 259 1637 solet
283 1596 425 1637 tulisse
452 1611 572 1636 casus
600 1595 806 1650 sapienter
842 1596 1056 1644 adversos,
1094 1611 1177 1636 non
1213 1595 1388 1636 fractum

43 1674 134 1699 esse
160 1659 342 1706 fortuna,
379 1658 598 1699 retinuisse
623 1657 666 1698 in
688 1659 812 1698 rcbus
839 1657 995 1712 asperis
1022 1657 1280 1711 dignitatem3
1317 1672 1389 1697 ne-

43 1735 121 1773 que
147 1727 285 1760 tamen
308 1720 378 1760 illa
401 1735 483 1760 non
509 1727 672 1768 ornant,
699 1718 826 1759 habiti
853 1719 1047 1768 honores,
1075 1719 1239 1759 decreta
1262 1718 1389 1758 virtu-

44 1782 94 1822 tis
120 1782 320 1836 praemia,
357 1796 422 1821 res
455 1788 598 1836 gestae
633 1781 794 1821 iudiciis
832 1780 1045 1821 hominum
1080 1780 1386 1834 comprobatae3

42 1844 84 1884 in
110 1843 257 1896 quibus
286 1843 409 1883 etiam
447 1843 687 1883 felicitatem
722 1842 857 1898 ipsam
893 1843 1064 1883 deorum
1098 1841 1388 1882 immortalium

43 1906 193 1947 iudicio
219 1905 341 1945 tribui
364 1905 611 1945 laudationis
637 1912 713 1946 est.
769 1904 994 1945 sumendae
1021 1911 1156 1944 autem
1180 1918 1246 1944 res
1272 1910 1390 1943 erunt

45 1976 114 2008 aut
137 1967 419 2021 magnitudine
449 1966 718 2021 praestabiles
744 1973 815 2007 aut
837 1966 1018 2007 novitate
1043 1965 1198 2020 primae
1225 1972 1295 2005 aut
1319 1979 1391 2019 ge-

45 2044 141 2069 nere
166 2029 256 2083 ipso
283 2029 530 2083 singulares3
568 2044 700 2082 neque
732 2029 841 2069 enim
876 2043 1027 2083 parvae
1052 2042 1185 2080 neque
1215 2026 1390 2067 usitatae

47 2106 179 2143 neque
223 2091 414 2145 volgares
459 2091 727 2132 admiratione
765 2098 833 2131 aut
871 2090 1036 2131 omnino
1077 2090 1198 2130 laudc
1242 2089 1390 2143 dignae

45 2152 174 2192 videri
200 2153 343 2192 solent.
404 2160 467 2193 est
491 2153 613 2193 etiam
651 2167 744 2193 cum
781 2153 926 2193 ceteris
961 2152 1266 2207 praestantibus
1292 2151 1388 2191 viris

47 2212 297 2268 comparatio
322 2212 364 2253 in
387 2213 622 2254 laudatione
658 2214 888 2268 praeclara,
927 2214 977 2254 de
1007 2228 1088 2266 quo
1124 2227 1275 2267 genere
1300 2212 1392 2252 libi-

47 2282 132 2314 tum
169 2274 269 2313 mihi
312 2282 375 2314 est
415 2275 537 2328 paulo
574 2275 712 2329 plura,
756 2289 878 2328 quam
915 2275 1196 2323 ostenderam,
1240 2274 1388 2323 dicere,

46 2351 129 2377 non
154 2344 236 2376 tam
260 2344 427 2390 propter
451 2351 573 2376 usum
596 2337 822 2385 forensem,
859 2337 927 2389 qui
953 2344 1016 2377 est
1039 2352 1063 2377 a
1087 2351 1152 2377 me
1178 2336 1288 2376 omni
1312 2335 1390 2377 hoc

48 2412 234 2438 sermone
260 2406 475 2447 tractatus,
507 2412 631 2450 quam
653 2405 700 2438 ut
722 2397 801 2438 hoc
825 2397 1037 2447 videretis,
1076 2397 1110 2438 si
1133 2397 1389 2438 laudationes

46 2467 185 2500 essent
210 2458 250 2498 in
276 2459 446 2499 oratoris
473 2460 628 2509 officio,
665 2460 775 2513 quod
799 2474 920 2501 nemo
955 2467 1098 2514 negat,
1135 2459 1285 2501 oratori
1310 2459 1390 2500 vir-

47 2528 179 2560 tutum
205 2520 387 2560 omnium
413 2521 708 2575 cognitionem,
747 2522 834 2562 sinc
860 2536 940 2574 qua
964 2521 1144 2563 laudatio
1176 2521 1283 2562 effici
1307 2537 1390 2563 non

45 2582 194 2636 possit,
222 2597 313 2622 csse
338 2583 628 2624 necessariam.
660 2583 743 2624 iam
767 2583 1026 2638 vituperandi
1050 2591 1270 2639 praecepta
1294 2598 1391 2625 con-

47 2643 179 2684 trariis
207 2659 256 2683 ex
283 2643 390 2684 vitiis
418 2645 618 2685 sumenda
643 2659 734 2685 esse
769 2645 1033 2700 perspicuum
1064 2653 1144 2695 est,
1183 2645 1302 2686 simul
1327 2653 1389 2686 est

46 2704 146 2744 illud
184 2713 276 2746 ante
312 2705 472 2755 oculos,
511 2721 586 2747 nec
622 2706 776 2748 bonum
802 2706 933 2747 virum
968 2707 1132 2764 proprie
1158 2714 1199 2748 et
1223 2707 1387 2763 copiose

1412 1116 1462 1141 346

1413 1674 1460 1697 347

1414 2168 1464 2192 348

1413 2601 1462 2625 319
