1859 3069
391 250 474 290 ‘274
799 254 846 287 M.
875 252 1052 288 TULLII
1079 252 1340 288 elessnoms

391 345 452 379 est
491 351 599 378 nunc
636 335 743 375 Asia
780 341 883 381 tota,
928 346 1005 372 nec
1040 331 1209 372 flumine
1248 333 1381 374 solum
1417 335 1633 385 orationis,
1673 336 1746 377 sed

393 400 515 441 etiam
552 403 749 438 exornato
787 401 827 435 et
862 394 972 435 facto
1008 408 1162 448 genere
1199 395 1437 445 verborum,
1473 397 1515 438 in
1553 412 1633 451 quo
1670 397 1748 437 fuit

392 460 630 513 Aeschylus
657 456 833 499 Cnidius
860 463 901 497 et
924 470 1042 497 meus
1070 456 1253 509 aequalis
1278 456 1472 498 Milesius
1497 459 1745 500 Aeschines.

394 523 435 562 in
461 522 524 561 his
551 527 638 560 erat
664 518 916 560 admirabilis
943 518 1139 559 orationis
1166 532 1325 568 cursus,
1352 527 1498 560 ornata
1524 521 1747 562 sentcntia-

319 606 368 629 3-:21
392 598 483 623 rum
510 581 765 623 concinnitas
791 595 876 621 non
907 587 1007 620 erat.
1068 580 1171 620 haec
1197 587 1353 630 autem,
1384 588 1430 621 ut
1461 581 1564 631 dixi,
1595 597 1748 635 genera

394 643 556 684 dicendi
588 643 748 698 aptiora
779 650 876 683 sunt
900 641 1255 691 adulescentibus,
1292 642 1336 682 in
1368 643 1535 684 senibus
1567 643 1748 698 gravita-

391 714 474 746 tem
528 720 612 745 non
660 704 833 745 habent:
893 704 1032 757 itaque
1075 703 1328 745 Hortensius
1375 712 1550 758 utroque
1597 720 1748 759 genere

390 768 541 807 florens
585 766 786 807 clamores
824 765 1002 806 faciebat
1040 765 1304 815 adulescens3
1347 766 1525 807 habebat
1563 767 1673 807 enim
1709 776 1747 808 et

389 828 646 869 BIeneelium
670 828 772 869 illud
799 828 981 869 studium
1013 829 1251 869 crebrarum
1281 836 1630 882 venustarumque
1656 843 1748 870 sen-

391 890 631 940 tentiarum,
658 891 700 931 in
726 890 896 944 quibus,
929 898 975 931 ut
998 891 1041 931 in
1065 890 1134 931 illo
1163 890 1345 940 Graeco,
1380 890 1438 931 sic
1462 891 1503 931 in
1528 891 1607 931 1100
1633 897 1746 932 erant

390 958 594 1011 quaedam
628 958 764 1012 magis
789 966 989 999 venustae
1028 958 1252 1012 dulcesque
1279 959 1505 999 sentcntiae
1532 974 1655 1012 quam
1680 968 1747 1000 aut

390 1020 651 1061 necessariae
690 1028 760 1061 aut
795 1020 1003 1062 interdum
1034 1022 1154 1062 utiles
1165 1038 1175 1071 3
1214 1030 1253 1062 et
1284 1029 1373 1062 erat
1402 1021 1530 1062 oratio
1563 1036 1657 1061 eum
1686 1022 1749 1062 in-

391 1083 515 1123 citata
540 1090 579 1124 et
606 1083 773 1124 vibrans
800 1090 887 1123 tum
912 1083 1036 1124 etiam
1063 1084 1261 1124 adcurata
1292 1091 1330 1124 et
1355 1083 1495 1138 polita.
1545 1099 1628 1125 non
1652 1099 1747 1139 pro-

391 1145 596 1185 babantur
632 1144 735 1185 haec
772 1145 959 1187 senibus:
998 1161 1122 1200 saepe
1153 1145 1345 1186 videbam
1378 1160 1472 1186 011111
1502 1145 1746 1187 inridentem

391 1214 479 1247 tum
509 1207 633 1247 etiam
665 1207 914 1248 irascentem
946 1215 985 1248 et
1018 1207 1347 1249 stomachantem
1376 1208 1636 1262 Philippum3
1675 1208 1748 1248 sed

316 1288 364 1312 327
390 1268 647 1309 mirabantur
679 1269 986 1319 adulescentes,
1018 1270 1239 1310 multitudo
1265 1270 1527 1317 movebatur3
1565 1278 1652 1311 erat
1677 1284 1747 1310 cx-

391 1331 544 1371 eellens
570 1331 722 1372 iudicio
743 1331 856 1385 volgi
882 1339 921 1372 et
947 1332 1068 1372 facile
1087 1332 1241 1386 primas
1263 1332 1427 1372 tenebat
1450 1329 1748 1386 [adulescens]

392 1392 469 1433 etsi
495 1392 603 1432 enim
629 1408 762 1447 genus
788 1393 890 1433 illud
915 1393 1079 1434 dicendi
1106 1393 1359 1434 auctoritatis
1386 1393 1565 1434 habebat
1589 1408 1748 1448 parum,

392 1463 529 1495 tamen
556 1463 698 1510 aptmn
724 1470 817 1496 esse
844 1456 968 1497 aetati
993 1456 1229 1505 videbatur3
1262 1463 1303 1496 et
1328 1463 1456 1505 certe,
1489 1456 1599 1509 quod
1624 1462 1664 1496 et
1687 1455 1749 1496 in-

392 1517 504 1570 genii
542 1518 747 1569 quaedam
790 1518 923 1558 forma
959 1518 1124 1558 lucebat
1161 1525 1202 1558 et
1238 1517 1529 1559 exercitatione
1564 1518 1750 1572 perfecta

392 1586 477 1618 erat
508 1581 790 1619 sentenriarzmz
821 1581 1066 1620 concinnitas
1105 1580 1408 1632 verborumque
1446 1579 1613 1620 astricta
1638 1593 1749 1620 com-

390 1640 632 1694 prehensio,
677 1656 881 1681 summam
918 1641 1133 1682 hominum
1176 1642 1490 1683 admirati0nem
1528 1641 1747 1682 excitabat.

392 1701 467 1742 sed
504 1716 598 1741 cum
634 1702 715 1743 iam
753 1703 931 1743 honores
970 1710 1010 1743 et
1045 1703 1117 1743 illa
1147 1704 1284 1744 senior
1320 1703 1542 1744 auctoritas
1580 1703 1748 1757 gravius

392 1763 589 1817 quiddam
614 1764 857 1817 requireret,
894 1766 1137 1805 remanebat
1172 1765 1282 1805 idem
1314 1779 1391 1806 nec
1421 1766 1595 1806 decebat.
1618 1765 1747 1813 idc1n3

392 1825 584 1878 quodque
622 1825 959 1867 exercitationem
997 1827 1260 1880 studiumque
1298 1827 1527 1876 dimiserat,
1566 1827 1677 1880 quod
1707 1827 1750 1867 in

391 1901 440 1927 eo
477 1887 611 1927 fuerat
648 1888 913 1937 acerrimum,
951 1889 1206 1929 concinnitas
1238 1889 1308 1929 illa
1344 1889 1623 1941 crebritasque
1656 1903 1749 1929 sen-

391 1948 612 1988 tentiarum
635 1949 811 2003 pristina
834 1950 1046 1998 manebat,
1086 1950 1160 1991 sed
1185 1966 1234 1990 ea
1257 1950 1410 1990 vestitu
1441 1950 1510 1990 illo
1536 1949 1746 1998 orationis,

391 2024 472 2062 quo
510 2017 748 2059 consuerat,
786 2019 930 2052 ornata
966 2027 1049 2053 11011
1086 2020 1185 2052 erat.
1258 2011 1335 2051 1100
1373 2011 1446 2051 tibi
1482 2011 1568 2060 ille,
1604 2012 1748 2059 Brute,

391 2071 526 2112 minus
553 2071 731 2113 fortasse
755 2072 923 2127 placuit,
950 2088 1073 2126 quam
1099 2073 1344 2128 placuisset,
1372 2072 1406 2113 si
1431 2073 1547 2113 illum
1571 2073 1750 2127 flagran-

392 2142 474 2173 tem
501 2133 636 2174 studio
662 2141 704 2174 et
728 2134 943 2175 florentem
969 2135 1166 2176 facultate
1194 2134 1335 2175 audire
1359 2134 1594 2189 potuisses.’

318 2198 366 2253 ι911
471 2195 581 2235 Τ11111
604 2196 781 2237 Brutus:
820 2200 917 2250 ‘ego
956 2197 1072 2238 vero’
1105 2197 1237 2250 inquit
1276 2200 1336 2237 ‘et
1370 2196 1468 2246 ista,
1501 2210 1605 2249 quae
1631 2195 1746 2244 dicis,

318 2246 366 2269 '³²³
392 2257 512 2298 video
550 2258 687 2311 qualia
712 2259 793 2299 sint
819 2266 859 2299 et
883 2259 1158 2300 Hortensium
1188 2274 1386 2314 magnum
1411 2266 1615 2300 oratorem
1641 2272 1748 2299 sem-

391 2334 465 2374 per
500 2320 644 2374 putavi
680 2321 941 2374 maximeque
978 2321 1152 2376 probavi
1187 2336 1262 2376 pro
1298 2320 1488 2361 Messala
1529 2320 1746 2367 dicentem,

393 2395 486 2421 eum
511 2389 555 2421 tu
581 2381 746 2422 afuisti.’
797 2382 875 2422 ‘sic
901 2382 1065 2432 ferunt‚'
1090 2382 1259 2436 inquam
1285 2382 1428 2435 ‘idque
1448 2381 1630 2422 declarat
1654 2381 1747 2422 toti-

393 2442 487 2483 dem
514 2450 612 2496 quot
637 2443 758 2492 dixit,
786 2452 829 2484 ut
856 2444 982 2493 aiunt,
1010 2444 1163 2498 scripta
1187 2444 1324 2485 verbis
1351 2443 1494 2484 oratio.
1554 2457 1653 2497 ergo
1678 2441 1746 2482 ille

394 2519 417 2543 a
442 2504 599 2545 Crasso
626 2506 796 2546 consule
822 2513 862 2546 et
888 2505 1093 2547 Scaevola
1117 2520 1248 2559 usquc
1275 2505 1328 2546 ad
1347 2504 1541 2546 Paullum
1566 2512 1607 2545 et
1629 2504 1746 2544 Mar-

394 2565 542 2606 cellum
578 2567 770 2608 consules
806 2567 961 2617 floruit,
999 2583 1075 2608 nos
1113 2568 1155 2608 in
1192 2567 1339 2609 eodem
1371 2581 1494 2608 eursu
1530 2565 1683 2607 fuimus
1722 2580 1745 2604 a

396 2625 513 2667 Sulla
549 2628 746 2669 dictatore
785 2629 838 2669 ad
875 2629 1044 2670 eosdem
1082 2630 1168 2670 fere
1205 2629 1416 2670 eonsules:
1455 2628 1515 2669 510
1545 2627 1599 2679 Q.
1630 2627 1742 2667 Hor-

320 2702 368 2726 329
395 2688 514 2727 tensii
540 2704 621 2729 vox
646 2690 852 2731 exstincta
882 2691 967 2732 fato
995 2707 1070 2732 suo
1101 2700 1182 2741 est,
1219 2698 1361 2731 nostra
1384 2688 1576 2745 publico.'
1638 2691 1742 2727 ‘me—

392 2747 491 2795 lius,
518 2762 691 2800 quaeso,
718 2751 932 2800 ominare,'
959 2752 1089 2804 inquit
1114 2754 1282 2793 Brutus
1348 2751 1418 2790 ‘sit
1445 2763 1556 2799 sanc,
1582 2756 1625 2789 ut
1651 2748 1740 2797 vis‚'
