1859 3069
350 237 433 278 230
752 243 800 276 M.
827 240 1005 276 TULLII
1031 240 1293 276 CICERONIS

351 341 430 380 que
465 325 576 365 haud
613 323 697 363 scio
735 337 787 361 an
822 335 897 375 par
933 319 1187 375 principibus
1230 335 1321 361 esse
1358 322 1578 376 potuisset:
1625 321 1698 362 sed

350 388 525 429 f·01tasse
550 383 711 431 maluit,
748 382 792 422 id
817 381 928 434 quod
952 389 1015 421 est
1041 381 1233 435 adeptus,
1259 381 1382 437 longe
1407 383 1590 423 omnium
1614 398 1698 423 nou

352 449 535 490 eiusdem
559 444 682 485 modo
708 444 873 492 aetatis,
906 443 980 484 sed
1005 458 1146 484 eorum
1172 443 1313 493 etiam,
1340 444 1409 497 qui
1435 446 1628 494 fuissent,
1654 445 1697 485 in

277 529 322 553 «32
353 511 438 550 iure
463 507 571 548 011111
611 520 704 547 esse
735 505 954 560 prineeps.'
1028 505 1095 546 hie
1117 505 1275 546 Brutus
1321 506 1417 546 ‘ain'
1445 507 1530 547 tu?’
1568 507 1699 560 inquit

280 1573 329 1598 154

280 2066 328 2090 155

282 2558 330 2582 le

352 570 544 611 ‘etiamne
570 567 624 619 Q.
646 566 874 608 Scaevolae
902 565 1094 608 Servium
1118 575 1306 608 nostrum
1332 567 1591 622 anteponis?'
1619 568 1697 608 ‘sie

349 630 487 679 enim‚’
524 630 711 682 inquam,
750 629 918 678 ‘Brute,
955 628 1165 677 existimo,
1202 628 1301 669 iuris
1335 628 1466 669 civilis
1502 644 1700 683 magnum

348 707 469 733 usum
493 698 535 732 et
564 691 675 746 apud
701 689 948 731 Scaevolam
980 698 1020 731 et
1051 691 1161 745 apud
1196 691 1347 731 multos
1385 690 1532 740 fuisse3
1571 698 1700 731 artem

348 755 389 794 in
412 753 490 795 hoe
513 768 616 794 uno:
654 752 767 806 quod
790 767 1015 806 numquam
1052 752 1261 793 effecisset
1284 752 1415 807 ipsius
1440 752 1539 794 iuris
1568 753 1701 793 seien-

348 817 421 865 tia,
459 815 540 856 nisi
577 830 669 856 eam
704 822 920 870 praeterea
957 814 1170 855 didicisset
1207 822 1355 864 artem,
1393 830 1498 868 quae
1535 815 1702 856 doceret

347 892 435 918 rem
457 877 696 917 universam
721 876 900 917 tribuere
924 876 967 917 in
991 877 1140 931 partis,
1177 876 1374 917 latentem
1399 876 1604 930 explicare
1631 877 1701 917 de-

348 939 540 987 finiendo,
566 939 792 985 obscuram
811 938 1033 993 explanare
1058 938 1379 993 interpretando,
1406 937 1601 992 ambigua
1618 937 1701 992 pri-

348 1016 461 1041 mum
496 1000 656 1049 videre,
701 1000 849 1041 deinde
887 1000 1158 1054 distinguere,
1201 1008 1412 1055 postremo
1449 1000 1601 1040 habere
1637 1015 1700 1040 re-

349 1062 506 1116 gulam,
549 1076 631 1114 qua
667 1076 766 1102 vera
801 1069 841 1102 et
878 1061 985 1102 falsa
1019 1062 1297 1102 iudicarentur
1334 1070 1374 1102 et
1411 1076 1514 1115 qnae
1553 1061 1699 1114 quibus

297 1142 327 1166 3·
348 1123 569 1179 propositis
597 1131 737 1165 essent
762 1138 951 1176 quaeque
987 1139 1070 1164 non
1103 1130 1241 1164 essent
1268 1123 1575 1177 consequentia.
1635 1123 1701 1163 hie

349 1185 458 1225 enim
483 1185 618 1225 attulit
642 1185 749 1226 hane
780 1193 909 1225 artem
940 1185 1123 1226 omnium
1155 1185 1304 1226 artium
1333 1185 1557 1225 maximam
1583 1185 1701 1238 quasi

348 1247 482 1288 lucem
508 1247 560 1287 ad
593 1262 660 1295 ea,
699 1261 804 1300 quae
836 1247 1009 1288 confuse
1047 1248 1098 1288 ab
1125 1247 1214 1287 aliis
1242 1255 1312 1287 ant
1345 1247 1702 1301 respondebantur

311 1329 317 1334 ·
353 1316 423 1349 aut
459 1309 714 1364 agebantur.’
790 1309 1067 1349 ‘dialecticam
1103 1309 1203 1349 mihi
1240 1309 1392 1349 videris
1431 1308 1603 1357 dicere,'
1641 1308 1703 1348 in-

349 1370 448 1423 quit.
521 1370 667 1411 ‘reete'
705 1370 875 1423 inquam
912 1370 1154 1424 ‘intellegisg
1195 1370 1268 1411 sed
1305 1370 1491 1410 adiunxit
1515 1370 1638 1411 etiam
1663 1378 1704 1410 et.

349 1432 576 1472 litterarum
623 1431 838 1472 seientiam
880 1439 921 1472 et
962 1431 1157 1484 loquendi
1200 1431 1467 1486 elegantiam,
1511 1446 1615 1484 quae
1652 1446 1703 1472 ex

352 1493 513 1547 scliptis
546 1493 654 1543 eius,
693 1508 867 1547 quorum
905 1493 1053 1534 similia
1088 1493 1203 1534 nulla
1239 1501 1351 1542 sunt,
1388 1493 1580 1533 facillime
1610 1507 1703 1562 per-

354 1554 454 1608 spici
488 1562 643 1608 potest3
687 1569 862 1607 eumque
901 1555 1087 1596 discendi
1130 1570 1256 1596 eausa
1300 1555 1461 1596 duobus
1503 1554 1703 1610 peritissi-

351 1612 427 1655 mis
459 1630 627 1669 operam
664 1616 863 1664 dedisset,
900 1617 954 1656 L.
995 1616 1160 1657 Lucilio
1195 1616 1331 1658 Balbo
1369 1624 1408 1658 et
1446 1616 1495 1658 C.
1532 1616 1702 1669 Aquilio

354 1677 494 1726 Gallo,
541 1677 653 1718 Galli
695 1678 873 1718 hominis
919 1678 1027 1718 aeuti
1064 1686 1105 1718 et
1141 1678 1352 1719 exercitati
1393 1687 1628 1734 piomptam
1664 1687 1704 1719 et

350 1747 537 1794 paratam
561 1739 603 1779 in
629 1740 792 1794 agendo
825 1747 865 1780 et
889 1740 931 1779 in
960 1740 1255 1794 respondendo
1292 1740 1542 1781 celeritatem
1575 1740 1704 1781 subti-

351 1802 463 1842 litate
489 1801 786 1856 diligentiaque
827 1802 1056 1856 superavit3
1093 1802 1217 1842 Balbi
1249 1802 1357 1843 doeti
1389 1810 1429 1843 et
1459 1802 1605 1843 eruditi
1631 1802 1704 1842 ho-

350 1862 471 1902 minis
508 1863 550 1903 in
584 1870 759 1915 utraque
795 1877 839 1903 re
877 1862 1181 1904 consideratam
1223 1863 1458 1904 tarditatem
1500 1863 1597 1904 x'ieit
1633 1880 1704 1904 ex—

350 1925 564 1979 pediendis
613 1925 963 1978 conficiendisque
1010 1926 1155 1973 rebus3
1206 1926 1266 1966 510
1309 1933 1350 1966 et,
1397 1926 1539 1975 habet,
1595 1927 1704 1980 quod

353 1994 523 2038 uterque
554 2001 696 2027 eorum
727 1985 890 2035 habuit,
928 1994 970 2027 et
1000 1987 1200 2041 explevit,
1237 1987 1348 2039 quod
1372 1988 1534 2040 utrique
1560 1988 1702 2028 defuit.

352 2048 510 2101 itaque,
546 2055 592 2088 ut
618 2047 799 2089 Crassus
831 2048 932 2088 mihi
957 2048 1119 2089 videtur
1150 2048 1375 2102 sapientius
1407 2049 1556 2090 fecisse
1582 2064 1704 2102 quam

354 2108 559 2150 Scaevola
582 2134 638 2138 ———
663 2109 729 2150 hie
754 2110 864 2150 0111111
890 2124 1037 2150 causas
1065 2110 1250 2150 studiose
1275 2110 1519 2164 recipiebat,
1550 2110 1591 2150 in
1617 2111 1705 2164 qui-

353 2172 428 2212 bus
466 2187 490 2212 a
527 2170 683 2213 Crasso
721 2172 1012 2227 superabatur,
1048 2172 1116 2213 ille
1155 2187 1199 2213 se
1236 2172 1396 2213 consuli
1431 2173 1616 2221 nolebat,
1653 2187 1704 2213 110

352 2248 433 2286 (11111
462 2233 504 2274 111
538 2248 582 2274 re
618 2234 787 2275 inferior
824 2242 936 2274 esset
971 2248 1096 2287 quam
1127 2232 1332 2275 Scaevola
1354 2258 1411 2264 —
1442 2234 1499 2275 sie
1533 2232 1703 2274 Servius

353 2294 675 2349 sapientissime,
716 2310 810 2336 eum
835 2296 941 2336 duae
973 2295 1114 2336 civiles
1147 2302 1256 2337 artes
1283 2310 1330 2336 ae
1361 2296 1548 2336 forenses
1578 2295 1705 2350 pluri-

351 2371 465 2396 mum
502 2363 542 2397 et
577 2357 711 2397 laudis
749 2357 950 2398 haberent
986 2364 1027 2398 et
1057 2357 1233 2411 gratiae,
1269 2358 1460 2413 perfecit,
1496 2366 1542 2397 ut
1578 2357 1705 2398 altera

351 2425 581 2472 praestaret
606 2419 817 2468 omnibus,
856 2434 907 2459 ex
940 2419 1068 2459 altera
1098 2426 1258 2459 tantum
1283 2419 1536 2467 adsumeret,
1576 2433 1704 2472 quan-

353 2488 440 2519 tum
475 2488 586 2520 esset
622 2488 663 2521 et
699 2481 754 2521 ad
790 2481 989 2521 tuendum
1024 2480 1088 2521 ius
1125 2481 1244 2521 civile
1281 2488 1321 2522 et
1351 2481 1403 2521 ad
1439 2481 1703 2522 obtinendam

354 2541 612 2582 consularem
643 2542 887 2597 dignitatem
919 2542 1046 2583 satis,9
1106 2549 1193 2583 tum
1217 2543 1373 2583 Brutus
1411 2542 1485 2583 ‘ita
1514 2540 1701 2597 prorsus'

354 2601 485 2654 inquit
520 2607 580 2643 ‘et
604 2610 725 2644 antea
759 2605 976 2659 putabam:
1014 2604 1152 2645 audivi
1182 2604 1292 2645 enim
1327 2619 1458 2659 nuper
1494 2619 1587 2645 eum
1618 2610 1704 2643 stu-

356 2664 470 2704 diose
496 2672 537 2705 et
560 2666 797 2719 frequenter
824 2666 959 2716 Sami,
998 2681 1091 2707 eum
1116 2682 1167 2708 ex
1192 2682 1240 2707 eo
1264 2666 1327 2707 ius
1359 2674 1544 2707 nostrum
1568 2664 1704 2719 ponti-

355 2724 510 2773 ficium,
548 2740 630 2778 qua
662 2742 712 2767 ex
747 2736 863 2782 parte
896 2743 987 2768 cum
1019 2728 1106 2769 iure
1139 2727 1247 2768 civili
1279 2727 1541 2768 coniunctum
1578 2733 1701 2775 esset,
