1859 3069
556 187 763 223 ORATOR
788 187 990 221 eoemfflss.
1363 176 1445 216 325]

94 271 461 323 conclusionesque
493 269 712 310 dicendum
745 276 821 309 est.
880 267 969 307 fluit
994 266 1160 308 omnino
1200 280 1395 306 numerus
1423 282 1447 305 a

93 333 225 389 primo
246 340 332 372 tum
352 331 558 371 incitatius
581 331 781 371 brevitate
802 329 968 384 pedum,
990 336 1076 369 tum
1098 327 1344 383 proceritate
1366 335 1447 367 tar-

95 394 205 434 dius:
243 408 408 434 cursum
434 393 717 433 contentiones
743 391 876 445 magis
902 390 1134 444 requirunt,
1167 390 1446 445 expositiones

94 471 230 497 rerum
267 455 515 495 tarditatem.
575 453 729 494 insistit
765 460 901 493 autem
941 453 1120 493 ambitus
1156 453 1290 493 modis
1323 451 1450 506 pluri-

95 519 192 566 bus,
219 532 239 557 e
266 517 415 569 quibus
440 531 569 556 unum
595 524 657 556 est
684 522 826 556 secuta
850 514 957 554 Asia
980 514 1178 563 maxime,
1216 514 1285 567 qui
1310 513 1451 553 dicho—

94 594 189 619 reus
222 586 412 626 vocatur,
450 592 543 618 eum
581 577 663 617 duo
700 576 872 617 extremi
910 575 1049 616 chorei
1087 583 1199 625 sunt,
1236 576 1278 616 id
1309 582 1390 623 est,
1429 590 1451 614 e

97 640 271 694 singulis
291 640 426 694 longis
449 647 489 680 et
508 639 717 679 brevibus.
770 637 1095 692 [explanandum
1114 644 1177 678 est
1198 637 1319 685 enim,
1341 636 1450 689 quod

97 703 148 742 ab
176 702 265 742 aliis
292 701 426 742 eidem
450 701 578 755 pedes
607 700 696 740 aliis
722 699 934 740 vocabulis
960 698 1255 754 nominantur.]
1313 698 1453 738 dicho-

95 778 190 803 reus
218 778 300 803 non
327 771 390 803 est.
415 763 483 803 ille
509 762 676 815 quidem
702 777 777 801 sua
804 768 949 815 sponte
975 760 1148 800 vitiosus
1174 761 1216 800 in
1242 760 1451 807 clausulis,

98 826 171 866 sed
196 825 236 865 in
263 824 458 865 orationis
496 839 667 863 numero
700 823 801 862 nihil
833 830 897 863 est
927 830 1011 862 tam
1042 823 1237 863 vitiosum
1269 837 1392 875 quani
1419 821 1453 861 si

98 902 260 941 semper
286 893 349 926 est
373 885 501 933 ide1n3
539 884 649 924 eadit
674 892 811 923 autem
841 899 915 938 per
942 899 984 924 se
1016 884 1105 938 ipse
1131 884 1200 924 ille
1226 884 1452 938 praeclare,

97 963 177 1000 quo
204 948 327 987 etiam
354 947 521 987 satietas
553 945 816 986 formidanda
847 953 909 986 est
940 946 1088 1000 magis.
1148 961 1214 985 ine
1241 953 1375 985 stante
1403 944 1453 985 C.

99 1008 237 1049 Carbo
265 1007 314 1048 C.
339 1008 388 1049 F.
416 1008 605 1047 tribunus
644 1007 776 1061 plebis
803 1007 845 1047 in
870 1007 1060 1047 contione
1098 1007 1202 1048 dixit
1226 1007 1289 1047 his
1317 1006 1454 1046 verbis

99 1076 141 1111 ‘o
165 1070 312 1110 BIarce
338 1070 497 1118 Druse,
524 1077 684 1123 patrem
711 1069 892 1123 appello’
920 1069 1022 1109 haee
1048 1069 1214 1121 quidem
1241 1069 1321 1110 duo
1347 1068 1455 1108 binis.

98 1132 272 1187 pedibus
310 1131 492 1181 incisim3
532 1131 681 1171 deinde
719 1131 981 1171 membratim
1019 1135 1080 1170 ‘tu
1118 1131 1253 1171 dicere
1291 1130 1454 1171 solebas

100 1209 260 1235 sacram
292 1209 385 1234 esse
416 1209 505 1234 rem
539 1193 786 1248 publicam3’
825 1193 926 1233 hacc
957 1193 1055 1233 item
1091 1193 1278 1233 membra
1308 1191 1434 1232 ternis
1445 1208 1455 1240 3

99 1264 194 1312 post
219 1256 419 1297 ambitus:
460 1256 725 1309 ‘quicumque
752 1270 843 1296 eam
868 1255 1156 1303 violavissent,
1183 1255 1234 1294 ab
1261 1253 1452 1295 omnibus

100 1334 192 1359 esse
219 1318 256 1358 ei
280 1333 436 1373 poenas
462 1317 734 1372 persolutas:’
764 1317 1001 1365 dichoreus3
1029 1316 1130 1356 nihil
1157 1316 1266 1356 enim
1292 1316 1343 1356 ad
1367 1330 1455 1356 rem

100 1388 285 1421 extrema
308 1381 379 1420 illa
413 1380 539 1435 longa
565 1380 618 1420 sit
649 1395 700 1420 an
736 1379 892 1428 brevis3
931 1379 1078 1419 deinde
1116 1379 1263 1433 ‘patris
1301 1378 1456 1418 dietum

102 1442 267 1497 sapiens
295 1443 504 1483 temeritas
530 1443 602 1482 filii
628 1441 938 1496 comprobavit.'
995 1441 1073 1481 hoe
1099 1441 1292 1482 dichoreo
1319 1448 1457 1481 tantus

101 1504 255 1545 clamor
275 1504 477 1545 contionis
499 1504 700 1544 excitatus
722 1511 797 1553 est,
818 1510 863 1543 ut
882 1502 1122 1543 admirabile
1143 1510 1266 1543 esset.
1304 1517 1458 1555 quaero

99 1581 237 1607 nonne
262 1566 305 1606 id
329 1581 525 1606 numerus
553 1566 761 1606 effecerit?
799 1566 1019 1606 verborum
1056 1565 1241 1606 ordinem
1272 1564 1457 1611 immuta,

101 1628 167 1668 fae
193 1627 269 1668 sie:
308 1627 614 1682 ‘comprobavit
643 1627 715 1667 filii
740 1626 981 1675 temeritas‚’
1010 1626 1091 1666 iam
1116 1626 1217 1666 nihil
1250 1626 1342 1674 erit,
1381 1626 1458 1666 etsi

102 1689 348 1730 ‘temeritas’
376 1704 426 1730 ex
453 1690 582 1729 tribus
609 1690 804 1730 brevibus
832 1698 872 1728 et
895 1689 1021 1742 longa
1046 1696 1120 1737 est,
1147 1702 1271 1741 quem
1295 1688 1460 1728 Aristo-

102 1751 203 1791 teles
224 1760 269 1791 ut
289 1751 491 1806 optimum
505 1751 665 1806 probat,
688 1766 805 1803 aquo
821 1750 1034 1791 dissentio.
1073 1754 1133 1790 ‘at
1152 1750 1297 1790 eadem
1318 1750 1456 1798 verba,

102 1813 247 1854 eadem
268 1813 497 1853 sententias
532 1813 686 1853 ‘animo
706 1812 813 1853 istuc
836 1812 935 1853 satis
952 1820 1026 1860 est,
1054 1811 1220 1852 auribus
1242 1826 1325 1852 non
1345 1811 1458 1851 satis.

104 1875 178 1915 sed
202 1875 244 1915 id
269 1875 451 1915 crebrius
477 1875 566 1915 fieri
590 1891 673 1916 non
704 1883 883 1930 oportet3
917 1875 1094 1929 primum
1125 1874 1233 1915 enim
1264 1889 1459 1915 numerus

104 1938 361 1991 agnoscitur,
399 1937 547 1977 deinde
580 1937 720 1986 satiat,
757 1946 905 1992 postea
941 1937 1106 1991 cognita
1136 1936 1332 1977 facilitate
1364 1951 1461 1977 con-

105 1999 311 2039 temnitur.
374 1999 448 2039 sed
473 2006 568 2039 sunt
594 1999 805 2040 clausulae
838 1999 995 2054 plures,
1034 2013 1138 2051 quae
1174 2013 1394 2038 numerose
1421 2006 1461 2037 et

105 2060 281 2100 iucunde
307 2061 477 2109 eadunt3
504 2076 601 2101 nam
627 2069 667 2101 et
692 2061 880 2109 creticus,
907 2060 976 2113 qui
1002 2068 1065 2101 est.
1090 2075 1110 2100 e
1135 2060 1261 2114 longa
1282 2068 1322 2100 et
1346 2059 1461 2099 brevi

106 2130 147 2162 et
170 2122 312 2176 longa,
341 2129 381 2162 ct
406 2122 492 2163 eius
520 2123 702 2175 aequalis
728 2138 880 2177 paean,
913 2122 982 2175 qui
1008 2121 1140 2176 spatio
1165 2137 1239 2176 par
1265 2129 1345 2167 est,
1380 2121 1462 2174 syl-

106 2184 202 2224 laba
236 2183 416 2237 longior,
461 2199 585 2237 quam
622 2184 958 2225 commodissime
1001 2192 1169 2238 putatur
1205 2183 1247 2222 in
1285 2183 1462 2223 solutam

108 2245 335 2286 orationem
360 2245 544 2300 inligari,
577 2261 671 2286 cum
697 2246 750 2286 sit
775 2246 947 2300 duplex3
985 2261 1081 2285 nam
1107 2251 1178 2284 aut
1202 2260 1223 2285 e
1248 2244 1375 2298 longa
1399 2251 1463 2284 est

109 2316 149 2349 et
174 2308 304 2348 tribus
330 2309 546 2358 brevibus,
585 2310 654 2362 qui
679 2324 874 2349 numerus
900 2309 942 2348 in
966 2308 1099 2363 primo
1125 2308 1255 2362 viget,
1292 2307 1398 2348 iacet
1421 2307 1463 2347 in

110 2378 313 2419 extremo,
358 2378 427 2410 aut
471 2386 491 2411 e
535 2371 707 2412 totidem
750 2371 945 2411 brevibus
989 2378 1030 2411 et
1070 2371 1213 2424 longa,
1256 2369 1298 2409 in
1340 2384 1463 2422 quem

110 2432 262 2486 optime
288 2432 435 2472 cadere
462 2440 631 2474 censent
659 2441 839 2482 veteres3
867 2448 944 2487 ego
970 2447 1052 2473 non
1077 2432 1198 2487 plane
1223 2431 1361 2480 reicio,
1390 2432 1465 2471 sed

111 2494 212 2534 alios
239 2501 458 2548 antepono.
519 2509 570 2535 ne
602 2495 811 2549 spondeus
838 2495 1004 2547 quidem
1036 2494 1221 2534 funditus
1255 2501 1318 2534 est
1340 2508 1463 2548 repu-

111 2556 305 2596 diandus:
344 2555 438 2604 etsi,
477 2556 587 2609 quod
624 2555 688 2597 est
711 2572 732 2597 e
758 2556 893 2611 longis
921 2556 1101 2604 duabus,
1139 2555 1324 2596 hebetior
1349 2555 1463 2596 vide-

112 2625 175 2658 tur
207 2625 247 2658 et
284 2617 454 2666 tardior,
494 2618 619 2658 habet
656 2626 794 2658 tamen
831 2617 1021 2658 stabilem
1058 2617 1264 2670 quendam
1303 2623 1344 2657 et
1380 2632 1462 2657 non

112 2687 322 2733 expertem
361 2679 571 2734 dignitatis
610 2680 804 2734 gradum,
842 2679 884 2719 in
908 2679 1176 2720 incisionibus
1209 2694 1307 2720 vero
1332 2679 1462 2719 multo

1477 708 1525 731 213

1479 1265 1527 1289 214

1484 1762 1533 1786 215

1485 2001 1529 2035 64

1488 2508 1537 2532 216
