1859 3069
356 237 412 279 36
761 246 810 280 M.
837 244 1014 281 TULLII
1040 244 1304 281 CICERONJS

289 347 334 371 ιη
358 326 532 382 insignis
558 334 620 368 est
645 325 942 381 impudentiae3
980 325 1050 365 illa.
1075 340 1172 366 vero
1208 325 1432 368 deridenda
1462 326 1701 381 adrogantia

282 840 329 865 123

282 1625 326 1659 39

277 1673 326 1698 176

278 1954 325 1979 177

278 2326 324 2349 173

277 2757 324 2782 1?ss

357 397 437 439 est,
462 389 504 429 in
529 388 754 429 minoribus
780 386 957 441 navigiis
987 386 1132 427 rudem
1157 402 1250 428 esse
1276 403 1320 429 se
1345 389 1547 437 confiteri,
1587 389 1705 443 quin-

356 451 560 505 queremis
587 456 657 490 aut
681 449 804 489 etiam
828 448 1004 490 maiores
1025 450 1256 504 gubernare
1282 450 1488 492 didicisse.
1536 459 1580 492 tu
1604 451 1704 492 mihi

356 529 449 554 cmn
473 514 515 553 in
539 511 690 552 circulo
717 510 921 565 decipiare
942 511 1167 552 adversarii
1187 511 1521 566 stipulatiuncula
1545 523 1585 554 et
1611 528 1704 553 cum

355 576 550 629 obsignes
588 572 761 613 tabellas
798 572 957 614 clientis
996 573 1073 622 tui,
1111 573 1260 627 quibus
1296 574 1339 614 in
1375 575 1536 615 tabellis
1574 575 1617 615 id
1653 576 1705 616 sit

355 638 564 691 seriptum,
591 650 671 688 quo
695 634 764 675 ille
790 635 987 690 capiatur,
1014 650 1092 690 ego
1118 635 1191 676 tibi
1215 635 1343 676 ullam
1363 650 1531 677 causam
1557 635 1704 691 [maio-

353 697 458 753 rem]
492 696 830 738 committendam
860 698 1027 752 putem?
1064 697 1182 738 eitius
1215 697 1380 738 hercule
1411 698 1466 748 is,
1503 698 1573 752 qui
1604 699 1705 740 duo-

353 776 444 801 rum
470 760 718 800 scalmorum
748 759 983 800 naviculam
1006 759 1049 800 in
1072 768 1193 814 portu
1225 760 1435 809 everterit,
1471 760 1514 800 in
1537 760 1704 801 Euxino

352 830 479 877 ponto
499 822 838 876 Argonautarum
862 837 1010 862 navem
1029 823 1280 876 gubernarit.
1330 822 1452 875 quid?
1478 822 1512 863 si
1536 837 1587 863 ne
1611 838 1705 877 par-

350 900 427 925 vae
453 884 619 937 quidem
645 898 794 924 causae
821 891 935 934 sunt,
975 885 1049 925 sed
1074 900 1197 939 saepe
1228 885 1452 933 maximae,
1488 884 1530 925 in
1555 885 1703 938 quibus

353 954 530 986 certatur
556 946 606 986 de
631 946 718 987 iure
750 945 878 996 civili,
916 946 1026 1000 quod
1058 947 1224 987 tandem
1249 962 1295 987 os
1327 955 1391 987 est
1415 946 1502 987 eius
1528 947 1702 1002 patroni,

352 1008 422 1062 qui
447 1008 500 1049 ad
525 1023 594 1049 eas
622 1022 768 1048 causas
795 1008 883 1049 sine
907 1008 992 1049 ulla
1017 1008 1189 1049 scientia
1212 1009 1311 1049 iuris
1334 1009 1458 1049 audet
1482 1009 1704 1049 accedere?

352 1085 458 1124 quae
483 1070 616 1125 potuit
639 1070 764 1125 igitur
789 1085 882 1112 esse
908 1085 1034 1112 causa
1068 1071 1217 1119 maior,
1259 1086 1382 1124 quam
1413 1071 1521 1111 illius
1548 1071 1702 1120 militis,

352 1133 402 1173 de
433 1132 548 1173 cuius
584 1139 715 1173 morte
752 1146 846 1173 cum
871 1133 1038 1174 domum
1074 1133 1204 1173 falsus
1231 1133 1282 1173 ab
1318 1133 1498 1173 exercitu
1535 1133 1702 1173 nuntius

352 1195 536 1236 venisset
566 1202 606 1235 et
635 1202 753 1250 pater
789 1195 876 1236 eius
905 1211 950 1237 re
983 1195 1138 1236 credita
1173 1203 1466 1236 testamentum
1501 1202 1705 1235 mutasset

352 1264 409 1306 et,
436 1272 558 1310 quem
584 1257 620 1298 ei
646 1257 781 1298 visum
806 1266 934 1307 esset,
971 1258 1141 1299 fecisset.
1165 1257 1360 1298 heredem
1396 1266 1588 1310 essetque
1612 1257 1702 1312 ipse

350 1326 556 1368 mortuus,
592 1334 659 1360 res
686 1320 822 1360 delata
845 1327 909 1360 est
934 1320 986 1360 ad
1022 1319 1320 1367 centumviros,
1362 1334 1456 1359 cum
1485 1319 1604 1360 miles
1631 1319 1704 1359 do-

350 1396 463 1421 mum
486 1381 717 1422 revenisset
741 1381 977 1436 egissetque
1001 1381 1094 1436 lege
1118 1381 1162 1422 in
1186 1381 1457 1421 hereditatem
1487 1388 1702 1435 paternam

354 1440 618 1497 [testamento
645 1443 817 1484 exheres
850 1442 1000 1498 filius],
1030 1442 1196 1498 [nempe
1222 1443 1264 1483 in
1291 1458 1340 1483 ea
1366 1441 1508 1497 causa]
1542 1442 1704 1495 quaesi-

351 1512 513 1559 tumque
549 1512 612 1545 est
639 1503 709 1560 [de
739 1504 826 1545 iure
863 1503 1014 1560 civili],
1050 1512 1246 1560 possetne
1278 1512 1543 1559 paternorum
1573 1504 1702 1545 bono-

351 1580 443 1607 rum
474 1566 646 1608 exheres
685 1582 777 1608 esse
807 1567 935 1616 filius,
973 1582 1095 1620 quem
1131 1574 1249 1622 pater
1285 1574 1533 1608 testamento
1568 1581 1702 1619 neque

351 1628 545 1669 heredem
575 1644 709 1682 neque
735 1629 982 1670 exheredem
1009 1629 1243 1684 scripsisset.
1278 1629 1544 1669 nominatim?
1580 1628 1703 1681 quid?

351 1705 433 1743 qua
458 1691 507 1731 de
532 1706 576 1731 re
606 1690 712 1732 inter
735 1691 960 1732 Marcellos
993 1700 1033 1731 et
1059 1690 1258 1732 Claudios
1294 1691 1488 1745 patricios
1517 1698 1701 1731 centum-

350 1751 426 1791 viri
450 1752 700 1801 iudicarunt,
727 1766 820 1792 cum
844 1752 1034 1793 hIarcelli
1060 1754 1111 1793 al)
1136 1753 1271 1793 liberti
1299 1753 1382 1793 filio
1410 1752 1549 1806 stirpe,
1577 1751 1703 1792 Clau-

351 1813 406 1853 dii
431 1810 605 1868 patricii
622 1814 807 1854 eiusdem
838 1814 1016 1855 hominis
1047 1814 1317 1855 hereditatem
1347 1824 1469 1869 gente
1496 1814 1548 1854 ad
1573 1829 1617 1854 se
1643 1814 1704 1853 di-

351 1884 491 1916 cerent
514 1875 690 1924 redisse,
721 1891 858 1917 nonne
882 1876 925 1916 in
950 1891 999 1916 ea
1024 1890 1149 1916 causa
1174 1876 1252 1916 fuit
1285 1876 1514 1917 oratoribus
1541 1875 1591 1916 de
1617 1883 1702 1915 toto

352 1937 490 1992 stirpis
517 1946 557 1978 et
581 1938 822 1993 gentilitatis
848 1938 935 1979 iure
961 1938 1205 1979 dicendum?
1242 1938 1364 1990 quid?
1396 1938 1506 1990 quod
1535 1937 1632 1977 item
1661 1937 1702 1977 in

350 1999 633 2040 centumvirali
669 2000 818 2040 iudicio
850 2007 1050 2040 certatum
1081 2015 1173 2040 esse
1211 2000 1462 2053 accepimus,
1501 2013 1594 2039 cum
1617 1998 1703 2040 Ro-

349 2076 460 2102 mam
483 2061 525 2102 in
551 2061 741 2102 exsilium
766 2061 967 2111 venisset,
994 2061 1058 2101 cui
1083 2061 1243 2102 Romae
1273 2062 1462 2102 exsulare
1487 2061 1551 2101 ius
1578 2068 1701 2110 esset,

351 2123 385 2164 si
411 2139 454 2164 se
480 2124 532 2164 ad
558 2124 735 2177 aliquem
761 2124 880 2177 quasi
905 2131 1124 2179 patronum
1164 2124 1456 2179 applicavisset
1486 2123 1701 2164 intestato-

349 2199 429 2238 que
460 2193 571 2227 esset
606 2194 811 2235 mortuus,
848 2201 984 2227 nonne
1015 2186 1057 2226 in
1082 2202 1131 2227 ea
1161 2201 1288 2227 causa
1318 2186 1381 2226 ius
1414 2185 1700 2240 applicationis

349 2249 573 2289 obscurum
609 2264 707 2290 sane
738 2257 779 2290 et
809 2249 997 2305 ignotum
1032 2248 1287 2304 patefactum
1317 2249 1358 2289 in
1388 2248 1538 2289 iudicio
1578 2255 1700 2301 atque

348 2310 611 2352 inlustratum
647 2318 711 2352 est
747 2327 771 2352 a
805 2312 1005 2366 patrono?
1048 2311 1170 2364 quid?
1207 2326 1357 2366 nuper,
1401 2325 1495 2351 cum
1531 2325 1609 2365 ego
1647 2309 1696 2351 C.

351 2371 486 2428 Sergii
523 2373 679 2415 Oratae
717 2382 859 2415 contra
900 2374 1009 2414 hunc
1050 2386 1239 2415 nostrum
1274 2373 1506 2413 Antonium
1546 2372 1698 2412 iudicio

347 2435 508 2489 privato
533 2450 701 2476 eausam
738 2436 1022 2485 defenderem,
1059 2451 1196 2477 nonne
1221 2436 1354 2477 omnis
1380 2443 1521 2475 nostra
1545 2434 1587 2474 iu
1610 2434 1698 2474 iure

349 2506 512 2538 versata
548 2498 735 2539 defensio
768 2499 854 2539 est?
891 2512 984 2538 cum
1017 2498 1126 2539 enim
1150 2498 1214 2538 M.
1239 2498 1401 2538 Marius
1429 2496 1696 2538 Gratidianus

350 2558 461 2597 aedis
489 2558 645 2600 Oratae
677 2560 933 2601 vendidisset
969 2574 1103 2613 neque
1137 2559 1291 2600 servire
1323 2559 1531 2612 quandam
1555 2572 1696 2597 earum

349 2619 511 2660 aedium
535 2629 695 2675 partem
718 2622 760 2662 in
784 2622 978 2677 mancipii
1002 2622 1095 2675 lege
1128 2621 1318 2670 dixisset,
1357 2619 1694 2664 defendebamus,

349 2680 542 2733 quicquid
576 2683 724 2724 fuisset
758 2684 1008 2725 incommodi
1037 2684 1080 2724 in
1107 2683 1332 2738 mancipio,
1369 2683 1411 2722 id
1442 2682 1476 2721 si
1506 2680 1694 2721 venditor

351 2742 497 2784 scisset
521 2758 655 2797 neque
681 2745 950 2796 declarasset,
979 2753 1191 2801 praestare
1217 2745 1385 2791 dcbere;
1423 2757 1502 2796 quo
1528 2741 1693 2795 quidem
