1859 3069
320 482 370 506 205

319 1081 363 1114 54

313 1129 363 1154 206

310 1722 358 1746 207

308 2344 357 2368 208

314 2522 356 2554 55

399 189 480 230 190
800 198 852 232 Μ.
881 197 1061 232 TULLII
1087 196 1351 234 CICERONIS

396 294 500 332 quos
538 279 670 326 dicas,
710 277 971 327 deliberati03
1009 293 1172 318 morum
1196 293 1244 319 ac
1269 279 1377 322 vitae
1413 281 1586 324 imitatio
1617 283 1683 323 rel
1708 283 1750 324 in

395 341 583 396 personis
623 340 687 380 vel
726 339 813 379 sine
850 339 950 389 illis,
987 354 1187 394 magnum
1224 342 1432 394 quoddam
1463 353 1749 386 ornamentum

394 402 590 443 orationis
617 408 657 441 et
694 408 837 455 aptum
869 401 922 441 ad
959 401 1118 442 animos
1155 403 1434 445 conciliandos
1460 406 1526 446 vel
1556 407 1747 456 maxime,

397 478 519 517 saepe
546 470 685 502 autem
721 462 845 503 etiam
878 463 931 503 ad
967 465 1309 514 commovendos3
1346 481 1618 521 personarum
1653 469 1750 509 ficta

393 524 576 565 inductio
595 524 662 565 vel
681 525 976 579 gravissimum
994 526 1135 567 lumen
1155 527 1353 582 augendi3
1381 528 1615 584 descriptio,
1637 545 1748 571 erro-

389 586 445 626 ris
471 586 673 636 inductio,
701 587 753 628 ad
778 587 1027 629 hilaritatem
1052 588 1264 643 impulsio,
1305 591 1634 645 anteoecupatio3
1662 599 1748 632 tum

391 648 471 689 duo
496 648 585 697 illa,
614 663 718 702 quae
743 649 923 691 maxime
948 660 1136 700 movent,
1177 651 1401 693 similitudo
1428 660 1468 693 et
1493 654 1746 708 exemplum3

390 710 587 765 digestio,
625 711 926 766 interpellantis
953 713 1165 763 eo’e‘rcitio,
1203 714 1436 764 reticentia,
1463 715 1746 765 comminati03

389 787 471 814 vox
497 774 702 826 quaedam
726 774 856 816 libera
875 783 997 829 atque
1018 776 1142 817 etiam
1162 777 1377 818 effrenatio
1398 778 1577 832 augendi
1603 792 1745 828 causa3

388 835 620 886 iracundia,
649 837 900 893 obiurgatio,
926 839 1168 894 promissio,
1207 839 1462 895 deprecatio,
1500 841 1744 889 obsecratio,

389 898 609 941 declinatio
646 900 784 941 brevis
823 916 847 942 a
881 901 1113 956 proposito,
1157 917 1240 943 non
1275 910 1321 943 ut
1358 903 1544 958 superior
1579 903 1650 944 illa
1685 904 1746 943 di-

387 961 567 1015 gressio,
603 962 814 1017 purgatio,
854 963 1103 1018 conciliatio,
1140 963 1287 1014 laesio,
1327 965 1482 1020 optatio
1520 973 1642 1018 atque
1674 980 1745 1006 ex-

389 1024 577 1065 secratio.
644 1024 707 1065 his
751 1025 837 1066 fere
868 1025 1090 1067 luminibus
1127 1026 1347 1067 inlustrant
1386 1027 1613 1067 orationem
1650 1042 1743 1067 sen-

388 1085 558 1135 tentiae3
601 1087 796 1128 orationis
835 1096 973 1129 autem
1016 1088 1146 1143 ipsius
1184 1096 1395 1141 tamquam
1432 1104 1639 1129 armorum
1678 1098 1742 1130 est

387 1147 453 1188 vel
479 1149 532 1188 ad
555 1163 678 1189 usum
704 1150 967 1192 comminatio
994 1158 1035 1192 et
1059 1150 1177 1204 quasi
1208 1151 1350 1206 petitio
1378 1151 1443 1191 vel
1470 1151 1523 1191 ad
1548 1159 1743 1192 venusta—-

386 1216 469 1250 tem
503 1209 596 1264 ipsa
634 1211 843 1261 tractatio,
885 1228 983 1253 nam
1019 1220 1059 1253 et
1094 1213 1319 1267 geminatio
1356 1213 1578 1253 verborum
1618 1213 1745 1254 habet

385 1270 591 1312 interdum
616 1272 718 1322 vim,
744 1273 928 1329 leporem
954 1274 1074 1323 alias,
1108 1282 1148 1315 et
1172 1275 1341 1329 paulum
1366 1273 1628 1314 immutatum
1652 1290 1744 1315 ver-

384 1332 484 1373 bum
504 1341 626 1387 atque
647 1335 853 1376 deflexum
879 1344 920 1376 et
944 1335 1131 1377 eiusdem
1152 1335 1266 1376 verbi
1288 1337 1431 1376 crebra
1451 1343 1538 1376 tum
1563 1351 1587 1377 a
1609 1336 1743 1391 primo

383 1396 592 1450 repetitio,
632 1405 720 1438 tum
743 1398 785 1438 in
811 1406 1041 1439 extremum
1068 1398 1282 1439 conversio
1309 1406 1350 1439 et
1373 1398 1415 1438 in
1441 1399 1586 1439 eadem
1616 1399 1744 1440 verba

383 1458 561 1513 impetus
595 1468 636 1501 et
672 1461 887 1503 concursio
919 1469 961 1503 et
996 1461 1203 1503 adiunctio
1230 1470 1270 1502 et
1300 1461 1537 1517 progressio
1570 1469 1610 1502 et
1635 1462 1744 1502 eius-

385 1521 479 1561 dem
518 1522 633 1563 verbi
672 1523 855 1564 crebrius
892 1524 1019 1578 positi
1060 1524 1265 1577 quaedam
1303 1523 1510 1565 distinctio
1548 1531 1589 1565 et
1624 1538 1743 1565 revo-

385 1582 490 1623 catio
531 1581 682 1638 [verbi]
724 1592 765 1625 et
799 1585 887 1634 illa,
933 1600 1037 1638 quae
1077 1585 1263 1626 similiter
1301 1585 1494 1626 desinunt
1530 1593 1601 1626 aut
1637 1600 1741 1639 quae

385 1644 536 1684 eadunt
575 1645 762 1686 similiter
798 1656 868 1687 aut
898 1662 1004 1700 quae
1045 1647 1215 1701 paribus
1252 1647 1368 1702 paria
1402 1647 1636 1688 referuntur
1673 1655 1743 1687 aut

385 1721 490 1760 quae
517 1716 613 1749 sunt
636 1708 741 1749 inter
768 1724 811 1750 se
838 1709 999 1750 similia.
1061 1718 1125 1750 est
1150 1709 1274 1750 etiam
1310 1709 1498 1764 gradatio
1537 1710 1741 1763 quaedam

383 1776 425 1809 et
456 1769 671 1811 conversio
703 1778 744 1811 et
774 1771 995 1813 verborum
1033 1771 1234 1812 concinna
1270 1771 1546 1826 transgressio
1573 1779 1614 1812 et
1645 1785 1742 1812 eon-

383 1831 553 1872 trarium
578 1840 619 1873 et
643 1832 891 1874 dissolutum
921 1842 962 1875 et
993 1834 1212 1875 declinatio
1243 1842 1283 1875 et
1313 1834 1580 1889 reprehensio
1606 1842 1647 1875 et
1671 1849 1742 1875 ex—

383 1893 574 1934 clamatio
601 1902 642 1934 et
664 1894 896 1936 imminutio
923 1903 963 1936 et
988 1897 1098 1950 quod
1122 1897 1165 1936 in
1195 1896 1335 1936 multis
1375 1897 1539 1937 casibus
1575 1896 1741 1951 ponitur

383 1963 421 1996 et
448 1955 558 2008 quod
583 1956 633 1996 de
660 1956 834 2011 singulis
871 1958 996 1999 rebus
1022 1958 1245 2013 propositis
1284 1959 1453 1998 ductum
1488 1958 1664 1999 refertur
1690 1959 1742 1999 ad

383 2017 548 2071 singula
573 2025 614 2058 et
639 2018 692 2058 ad
715 2019 976 2074 propositum
1003 2020 1189 2061 subiecta
1219 2020 1323 2061 ratio
1349 2028 1390 2061 et
1413 2020 1513 2061 item
1537 2020 1580 2060 in
1605 2020 1742 2061 distri—

381 2079 492 2120 butis
519 2080 736 2135 supposita
754 2081 857 2123 ratio
884 2090 924 2123 et
947 2082 1166 2137 permissio
1193 2090 1233 2123 et
1251 2098 1416 2124 rursum
1442 2082 1521 2123 alia
1541 2082 1740 2124 dubitatio

383 2149 423 2181 et
458 2141 730 2197 improvisum
767 2144 964 2197 quiddam
990 2152 1030 2186 et
1061 2145 1334 2185 dinumeratio
1361 2152 1402 2185 et
1427 2144 1506 2185 alia
1542 2144 1740 2185 correctio

383 2211 422 2244 et
459 2204 675 2259 dissipatio
707 2213 749 2246 et
778 2207 1063 2248 continuatum
1088 2215 1129 2248 et
1164 2208 1440 2262 interruptum
1466 2215 1506 2248 et
1536 2207 1673 2261 imago
1699 2214 1740 2248 et

383 2266 577 2322 sibiipsi
613 2268 829 2323 responsio
868 2277 908 2310 et
943 2269 1174 2311 immutatio
1201 2277 1241 2311 et
1271 2269 1467 2310 diiunctio
1499 2277 1540 2310 et
1569 2270 1668 2310 ordo
1699 2276 1740 2310 et

381 2329 524 2370 relatio
562 2336 604 2370 et
639 2330 842 2385 digressio
879 2339 920 2372 et
956 2332 1292 2387 circumscriptio.
1364 2332 1468 2372 haec
1504 2331 1614 2372 enim
1645 2338 1740 2371 sunt

381 2391 467 2432 fere
493 2399 616 2445 atque
652 2392 800 2433 horum
833 2393 982 2435 similia
1009 2393 1094 2449 [vel
1130 2394 1251 2450 plura
1275 2394 1399 2435 etiam
1425 2408 1517 2435 esse
1529 2390 1738 2449 possunt]‚

382 2467 486 2506 quae
513 2455 727 2496 sententiis
754 2456 982 2498 orationem
1007 2458 1309 2510 verborumque
1342 2456 1736 2499 conformationibus

382 2515 650 2558 inluminant.’
769 2522 891 2571 ‘quae
918 2519 1083 2572 quidem
1108 2527 1167 2569 te,
1207 2519 1381 2569 Crasse,
1419 2518 1568 2567 video,9
1606 2516 1737 2570 inquit

385 2576 509 2618 Cotta
546 2580 675 2632 ‘quod
704 2587 803 2621 nota
839 2596 931 2622 esse
968 2581 1087 2623 nobis
1124 2590 1264 2637 putes,
1303 2581 1391 2622 sine
1429 2578 1734 2621 definitionibus

383 2646 423 2678 et
459 2640 546 2680 sine
583 2642 782 2696 exemplis
821 2642 1046 2684 effudisse?
1109 2648 1206 2699 ‘ego
1238 2643 1353 2685 vero’
1390 2642 1523 2694 inquit
1554 2640 1733 2681 Crassus

385 2703 454 2741 ‘ne
479 2700 549 2741 illa
574 2703 758 2754 quidem,
798 2719 902 2757 quac
929 2720 1053 2759 supra
1079 2705 1182 2754 dixi,
1218 2720 1327 2746 nova
1357 2703 1475 2744 vobis
1507 2718 1600 2744 esse
1626 2701 1734 2742 arbi-
