1859 3069
379 224 457 265 173
776 228 825 262 Μ.
853 227 1033 262 TULLII
1058 227 1321 264 CICERONIS

374 312 561 353 instituta
581 318 642 351 051
663 307 825 362 inopiae
847 321 985 356 eausa,
1011 307 1271 360 frequentata
1290 310 1587 352 delectationis.
1631 327 1726 352 nam

374 387 584 430 gemmare
621 371 735 417 vitis,
773 369 978 410 luxuriem
1015 384 1107 410 esse
1138 370 1180 410 111
1211 370 1369 421 herbis,
1406 373 1536 414 laetas
1563 381 1726 428 segetes

374 438 497 477 etiam
521 433 664 475 rustici
690 432 849 481 dicunt,
888 431 999 485 quod
1024 432 1133 472 enim
1165 432 1363 474 declarari
1390 435 1457 475 vix
1484 436 1608 477 verbo
1632 451 1728 491 pro-

373 499 462 554 prio
497 502 654 551 potest,
694 494 738 534 id
773 494 973 535 translato
1011 508 1105 534 eum
1141 502 1205 535 est
1242 495 1415 544 dietum,
1452 496 1643 538 inlustrat
1671 498 1725 547 id,

374 559 485 613 quod
508 552 693 611 intellegi
718 556 929 605 volumus,
967 556 1055 597 eius
1080 556 1158 606 rei,
1196 572 1320 610 quam
1346 558 1479 599 alieno
1503 560 1630 600 verbo
1654 575 1727 614 po-

302 643 350 666 m
375 621 552 669 suimus,
579 619 818 660 similitudo.
879 633 978 674 ergo
1003 619 1081 660 hae
1108 619 1397 660 translationes
1425 620 1543 673 quasi
1567 628 1727 662 mutua-

373 684 506 725 tiones
533 689 646 731 sunt,
684 696 778 721 cum
804 681 915 735 quod
945 696 1029 722 non
1054 681 1208 722 habeas
1241 681 1405 722 aliunde
1439 697 1598 731 sumas,
1634 683 1726 724 illae

372 745 497 800 paulo
535 743 796 792 audaciores,
833 758 938 797 quae
969 759 1053 784 11011
1083 743 1266 799 inopiam
1295 744 1497 793 indicant,
1536 745 1610 785 sed
1639 760 1728 786 ora-

373 809 474 850 tioni
501 807 733 864 splendoris
760 807 917 860 aliquid
954 815 1186 857 arcessunt3
1225 821 1399 860 quarum
1431 822 1509 862 ego
1535 807 1634 860 quid
1659 823 1730 848 vo-

304 871 347 904 39
371 871 436 912 bis
464 878 535 911 aut
558 869 797 911 inveniendi
828 869 1030 910 rationem
1056 877 1126 910 aut
1151 884 1303 924 genera
1328 871 1506 924 ponam?
1543 870 1731 910 similitu-

300 936 346 961 157
374 933 481 974 dinis
531 940 594 973 est
631 932 685 972 ad
725 931 899 972 verbum
947 946 1075 971 unum
1112 939 1323 972 contracta
1369 932 1570 980 brevitas,
1620 932 1730 985 quod

373 996 545 1036 verbum
581 994 623 1034 in
649 993 782 1034 alieno
813 993 905 1034 loco
931 1000 1142 1047 tamquam
1165 993 1207 1033 in
1235 1009 1309 1034 suo
1334 993 1516 1048 positum
1542 993 1575 1033 si
1602 1009 1730 1048 agno—

374 1057 517 1106 scitur,
557 1056 753 1105 delectat,
792 1055 826 1095 si
863 1055 995 1095 simile
1031 1055 1133 1095 nihil
1169 1055 1312 1104 habet,
1355 1056 1612 1110 repudiatum
1657 1056 1730 1095 5οᾶ

374 1134 422 1159 011
447 1117 663 1160 transferri
687 1124 868 1172 oportet,
900 1131 1005 1170 quac
1032 1125 1101 1157 aut
1127 1116 1341 1157 clariorem
1367 1117 1524 1158 faciunt
1547 1132 1654 1165 rem,
1686 1125 1729 1156 ut

373 1181 444 1221 illa
471 1178 670 1235 [omnia]:

941 1240 1188 1282 inhorrescit
1212 1255 1339 1290 mare,

432 1305 626 1345 tenebrae
650 1303 1007 1357 conduplicantur,
1033 1303 1248 1356 noctisque
1269 1310 1310 1343 et
1328 1302 1515 1343 nimbum
1541 1312 1731 1344 occaecat

1056 1365 1211 1419 nigror,

431 1428 598 1468 flamma
621 1427 728 1468 inter
751 1427 874 1467 nubis
901 1434 1109 1475 coruscat,
1137 1427 1297 1467 caelum
1322 1426 1475 1467 tonitru
1501 1426 1730 1475 contremit,

430 1491 588 1545 grando
614 1490 744 1530 mixta
768 1490 890 1530 imbri
921 1490 1107 1545 largifico
1135 1490 1272 1530 subita
1303 1489 1580 1545 praecipitans
1609 1490 1730 1538 cadit,

429 1552 611 1605 undique
626 1567 769 1593 omnes
784 1551 896 1592 venti
918 1560 1151 1607 erumpunt,
1173 1552 1287 1593 saevi
1308 1552 1513 1592 exsistunt
1533 1551 1730 1599 turbines,
1765 1565 1767 1567 ·

431 1615 555 1655 fervit
580 1622 697 1655 aestu
721 1615 917 1669 pelagus:

373 1676 511 1718 omnia
541 1676 646 1724 fere,
685 1690 765 1728 quo
797 1683 937 1716 essent
968 1676 1159 1725 clariora,
1197 1676 1406 1716 translatis
1438 1691 1512 1731 per
1544 1676 1732 1717 similitu-

302 1755 349 1779 158
375 1739 513 1779 dinem
545 1737 682 1778 verbis
717 1737 827 1777 dicta
864 1744 957 1777 sunt
968 1754 977 1786 3
1017 1745 1087 1778 aut
1112 1752 1193 1791 quo
1220 1738 1475 1792 significatur
1504 1737 1639 1792 magis
1664 1753 1731 1777 res

373 1807 461 1840 tota
485 1799 572 1840 sive
598 1799 697 1839 facti
723 1799 895 1839 alicuius
923 1799 1010 1839 sive
1036 1799 1214 1848 consilii,
1241 1808 1287 1839 ut
1310 1799 1396 1847 ille,
1429 1799 1498 1852 qui
1523 1799 1733 1839 occultan-

374 1870 459 1902 tem
485 1861 687 1910 consulto,
713 1876 765 1902 ne
789 1861 845 1910 id,
874 1861 983 1914 quod
1009 1869 1213 1915 ageretur,
1239 1861 1424 1915 intellegi
1449 1871 1604 1916 posset,
1632 1861 1733 1901 duo-

376 1924 454 1964 bus
480 1922 691 1964 translatis
716 1923 856 1964 verbis
883 1923 1150 1964 similitudine
1174 1923 1267 1978 ipsa
1290 1924 1463 1964 indicat:

432 1985 769 2039 quandoquidem
795 1984 829 2025 is
857 2000 901 2026 50
927 1985 1208 2026 circumvestit
1235 1985 1368 2034 dictis,
1396 1985 1528 2040 saepit
1554 2000 1598 2026 50
1621 1986 1730 2027 (1010.

372 2063 457 2088 11011
480 2062 707 2100 numquam
744 2047 869 2087 etiam
899 2047 1080 2088 brevitas
1118 2047 1387 2089 translatione
1419 2047 1652 2097 conficitur,
1688 2056 1733 2088 111

372 2110 475 2150 illud
512 2110 566 2150 ‘si
591 2110 719 2150 telum
743 2125 869 2150 manu
905 2110 1050 2165 fugitt'
1082 2110 1362 2165 imprudentia
1391 2110 1462 2151 teli
1499 2110 1616 2151 missi
1641 2111 1734 2151 bre-

372 2172 465 2213 vius
501 2172 679 2228 propriis
716 2172 856 2213 verbis
894 2172 1069 2227 exprimi
1101 2187 1185 2213 non
1209 2172 1363 2227 potuit,
1401 2187 1525 2226 quam
1551 2179 1615 2213 est
1649 2186 1733 2212 uno

301 2252 348 2277 159
375 2234 607 2289 significata
642 2234 856 2276 translato.
916 2234 996 2276 hoc
1030 2234 1073 2275 in
1103 2249 1256 2289 genere
1292 2249 1493 2290 persaepe
1523 2233 1624 2274 mihi
1662 2234 1733 2274 ad-

372 2297 607 2337 mirandum
648 2296 811 2337 videtur
854 2296 953 2350 quid
996 2296 1067 2346 sit,
1111 2297 1222 2350 quod
1263 2312 1407 2338 01111105
1446 2296 1656 2338 translatis
1693 2303 1733 2338 et

375 2359 518 2400 alienis
543 2358 678 2413 magis
717 2358 974 2400 delectentur
1010 2359 1148 2400 verbis
1186 2374 1310 2412 quam
1344 2359 1522 2414 propriis
1555 2366 1596 2400 et
1626 2358 1730 2407 suis3

305 2423 350 2457 40
374 2437 470 2461 1111111
508 2421 542 2461 51
577 2436 644 2462 res
683 2435 805 2461 suum
847 2436 1000 2462 nomen
1036 2429 1076 2462 01
1112 2422 1362 2462 vocabulum
1402 2421 1615 2477 proprium
1649 2436 1733 2461 non

374 2482 518 2532 habet,
543 2491 590 2523 111
613 2498 687 2538 pes
713 2483 755 2523 in
780 2483 889 2532 navi,
915 2490 961 2524 ut
985 2480 1151 2532 nonum,
1178 2484 1289 2536 quod
1313 2499 1387 2538 per
1411 2484 1559 2524 libram
1584 2481 1731 2537 agitur,

374 2552 419 2584 ut
450 2545 491 2585 in
522 2560 651 2585 uxore
689 2544 929 2594 divortium,
967 2545 1195 2586 necessitas
1233 2546 1361 2600 cogit,
1399 2545 1511 2599 quod
1545 2559 1628 2585 non
1659 2543 1733 2584 ha-

375 2605 495 2654 beas,
536 2606 702 2647 aliunde
729 2621 890 2647 sumere
899 2623 910 2656 3
948 2607 1023 2648 sed
1046 2607 1089 2647 in
1115 2622 1283 2647 suorum
1308 2608 1527 2648 verborum
1550 2604 1733 2646 maxima

377 2667 496 2721 copia
520 2675 659 2708 tamen
684 2668 873 2709 homines
900 2668 1034 2710 aliena
1057 2669 1188 2710 multo
1213 2669 1366 2723 magis,
1394 2668 1428 2709 si
1454 2674 1549 2709 sunt
1573 2666 1731 2707 ratione

304 2745 352 2769 mo
378 2729 596 2777 translata,
622 2729 841 2771 delectant.
900 2730 944 2771 id
968 2731 1154 2772 accidere
1180 2731 1322 2779 eredo,
1348 2730 1414 2771 vel
1440 2729 1551 2783 quod
1575 2728 1731 2783 ingenii
