1859 3069
440 229 508 263 DE
535 227 774 263 ORATORE
800 227 847 261 ΙΙ.
871 226 1072 261 359—365.
1350 218 1423 257 141

88 311 253 360 vinitas3
292 325 368 352 nec
393 310 501 351 enim
527 317 565 350 te
591 309 669 349 ista
700 307 885 363 attigisse
923 307 1166 356 arbitrabar,
1205 321 1308 360 quae
1341 306 1431 346 dili-

87 373 326 427 gentissime
352 387 554 427 cognosse
575 379 614 412 et
634 371 813 423 undique
834 369 1063 424 conlegisse
1083 383 1242 422 usuque
1264 368 1430 408 doctum

85 435 234 490 partim
259 434 486 475 correxisse
512 433 650 482 video,
690 432 840 487 partim
876 431 1185 486 comprobasse3
1221 444 1354 483 neque
1380 444 1428 470 eo

86 496 221 536 minus
247 495 522 549 eloquentiam
549 503 661 535 tuam
685 503 723 534 et
749 493 876 534 multo
901 493 1033 547 magis
1059 492 1251 533 virtutem
1276 500 1316 532 et
1341 492 1431 532 dili-

87 558 266 612 gentiam
305 558 482 598 admiror
520 564 561 597 et
598 556 718 596 simul
755 555 916 609 gaudeo
953 554 1149 594 iudicium
1191 554 1314 594 animi
1350 553 1429 593 mei

87 619 362 673 comprobari,
394 619 503 672 quod
529 632 690 672 semper
716 616 840 657 statui
863 616 1069 656 neminem
1095 615 1318 671 sapientiae
1343 615 1432 655 lau-

88 681 181 721 dem
201 687 240 720 et
259 680 513 733 eloquentiae
534 679 621 720 sine
642 693 802 718 summo
823 678 957 718 studio
972 684 1013 717 ct
1030 677 1169 718 labore
1190 685 1228 717 ct
1249 676 1431 717 doctrina

89 741 284 794 consequi
318 756 455 795 posse.
528 740 601 780 sed
638 746 775 779 tamen
817 738 1013 791 quidnam
1048 745 1112 779 est
1147 738 1257 792 quod
1293 737 1430 778 dixisti

90 803 190 849 sore,
216 810 261 842 ut
286 802 359 842 tibi
377 802 699 855 ignosceremus,
727 799 759 839 si
781 814 1090 853 cognossemus,
1117 813 1222 852 quae
1247 806 1286 840 te
1306 813 1431 839 causa

87 864 128 903 in
155 878 385 904 sermonem
414 861 669 917 impulisset?
707 875 810 913 quae
836 869 896 900 est
922 860 1031 901 enim
1063 860 1141 901 alia
1172 875 1315 909 causa,
1351 860 1431 900 nisi

88 925 197 977 quod
221 924 338 964 nobis
366 932 406 964 et
430 924 575 964 horum
601 922 924 963 adulescentium
951 922 1104 971 studio,
1141 922 1209 975 qui
1235 929 1274 963 te
1300 929 1432 962 atten-

87 985 242 1026 tissime
269 985 502 1033 audierunt,
528 999 685 1025 morem
710 998 851 1038 gerere
877 984 1084 1024 voluisti?
1122 992 1208 1024 tum
1233 984 1300 1023 ille
1327 983 1431 1023 ‘adi-

86 1046 213 1087 mere'
250 1046 382 1099 inquit
418 1050 601 1086 ‘omnem
636 1045 937 1085 recusationem
963 1044 1118 1085 Crasso
1143 1045 1271 1094 volui,
1309 1059 1430 1098 quem

87 1124 164 1163 ego
189 1109 311 1164 paulo
338 1115 430 1148 ante
450 1112 471 1160 Τ
491 1108 671 1148 sciebam
696 1107 760 1147 vel
787 1107 1007 1161 pudentius
1035 1107 1098 1147 vel
1129 1107 1308 1155 invitius,
1334 1106 1430 1147 nolo

86 1171 194 1211 enim
220 1170 353 1210 dicere
390 1170 439 1210 de
477 1177 561 1210 tam
601 1169 715 1209 suavi
752 1168 916 1209 homine
953 1168 1227 1217 fastidiosius,
1265 1168 1317 1208 ad
1352 1168 1430 1208 hoc

86 1247 216 1285 genus
244 1231 442 1272 sermonis
469 1231 677 1271 accedere.
726 1229 824 1282 quid
848 1229 956 1269 enim
980 1229 1129 1284 poterit
1150 1229 1308 1269 dicere?
1334 1243 1430 1269 con-

88 1294 267 1333 sularem
298 1308 341 1333 se
373 1308 464 1333 esse
500 1292 708 1333 hominem
740 1299 780 1332 et
816 1291 1073 1331 censorium?
1110 1291 1252 1331 eadem
1290 1298 1431 1331 nostra

88 1369 214 1394 causa
250 1361 325 1394 est.
385 1370 437 1394 an
463 1362 638 1394 aetatem
675 1353 857 1394 adferet?
894 1353 1160 1405 quadriennio
1197 1352 1329 1392 minor
1354 1360 1428 1392 est.

87 1431 138 1455 an
165 1430 208 1455 50
234 1415 336 1455 haec
360 1415 546 1456 nescire?
583 1429 686 1467 quae
713 1429 791 1468 ego
817 1429 926 1462 sero,
953 1429 1056 1466 quae
1082 1414 1232 1453 cursim
1258 1413 1429 1468 adripui‚

87 1491 192 1529 quae
225 1476 442 1516 subsicivis
479 1476 633 1530 operis,
672 1483 716 1515 ut
753 1475 884 1524 aiunt,
921 1475 998 1515 iste
1030 1491 1054 1515 a
1082 1489 1228 1529 puero,
1268 1490 1428 1514 summo

88 1538 240 1585 studio,
279 1537 449 1577 summis
475 1537 725 1577 doctoribus.
783 1537 884 1576 nihil
910 1536 1042 1576 dicam
1069 1537 1118 1577 de
1143 1537 1326 1591 ingenio,
1364 1537 1427 1576 eui

85 1615 159 1653 par
184 1614 303 1639 nemo
334 1599 430 1639 fuit:
482 1599 632 1639 etenim
657 1614 722 1639 1110
760 1598 963 1638 dicentem
989 1597 1058 1650 qui
1094 1598 1270 1647 audiret,
1307 1613 1428 1639 nemo

85 1674 281 1712 umquam
306 1667 390 1700 tam
416 1660 479 1700 sui
505 1660 735 1715 despiciens
757 1660 834 1699 fuit
859 1660 957 1712 quin
983 1666 1165 1714 speraret.
1190 1667 1259 1700 aut
1281 1659 1428 1700 melius

86 1729 155 1760 aut
192 1722 337 1761 eodem
363 1721 484 1761 modo
517 1736 560 1762 se
590 1736 715 1776 posse
747 1721 899 1769 dicere3
941 1719 1096 1761 Crasso
1123 1721 1281 1762 dicente
1306 1736 1428 1762 nemo

85 1792 168 1822 tam
205 1783 428 1836 adrogans,
466 1783 536 1835 qui
572 1783 758 1823 similiter
795 1797 838 1822 50
869 1796 1064 1834 umquam
1096 1781 1298 1822 dicturum
1335 1797 1427 1823 esse

85 1844 318 1884 confideret.
368 1859 492 1897 quam
518 1845 570 1884 ob
594 1860 681 1885 rem
706 1859 757 1884 ne
771 1845 923 1884 frustra
943 1844 983 1883 hi
1009 1844 1111 1884 tales
1133 1844 1209 1884 viri
1229 1844 1426 1893 venerint,

85 1914 123 1945 te
151 1905 388 1958 aliquando,
417 1905 591 1954 Crasse,
621 1906 861 1946 audiamus!

163 1966 272 2006 Tum
297 1967 364 2007 ille
391 1972 453 2007 ‘ut
477 1968 535 2008 ita
559 1983 651 2008 0550
676 1967 926 2015 concedam‚'
952 1967 1080 2020 inquit
1108 1966 1296 2015 ‘Antoni,
1323 1981 1427 2020 quae

86 2036 181 2067 sunt
204 2028 327 2082 longe
354 2043 493 2077 secus,
534 2029 632 2082 quid
655 2029 757 2069 mihi
793 2030 959 2069 tandem
996 2029 1117 2069 hodie
1143 2036 1213 2069 aut
1238 2029 1427 2082 cuiquam

87 2089 239 2129 homini
265 2090 373 2141 quod
399 2090 477 2130 dici
501 2091 633 2145 possit
657 2091 882 2144 reliquisti?
907 2091 1040 2131 dicam
1066 2090 1175 2131 enim
1194 2105 1302 2139 vere,
1329 2091 1430 2131 ami-

86 2150 239 2189 cissimi
264 2150 468 2200 homines,
494 2153 604 2205 quod
629 2153 780 2193 sentio:
808 2167 929 2206 saepe
957 2167 1034 2206 ego
1061 2153 1202 2193 doctos
1228 2152 1427 2201 homines5

86 2211 184 2263 quid
219 2212 309 2251 dico
347 2214 494 2267 saepe?
530 2213 654 2254 immo
679 2229 763 2254 non
796 2228 1041 2266 numquam3
1079 2228 1201 2267 saepe
1227 2213 1335 2253 enim
1361 2214 1428 2266 qui

85 2272 218 2326 potui,
251 2272 319 2325 qui
344 2288 444 2327 puer
468 2274 511 2313 in
535 2274 669 2314 forum
694 2275 877 2315 venerim
901 2289 977 2315 nec
1001 2275 1096 2314 inde
1121 2289 1315 2327 umquam
1341 2275 1430 2314 diu-

88 2334 166 2373 tius
195 2348 316 2386 qnam
353 2342 546 2388 quaestor
576 2335 773 2376 afuerim?
811 2335 884 2376 sed
909 2342 1046 2376 tamen
1084 2336 1238 2384 audivi,
1274 2344 1320 2376 ut
1342 2336 1429 2377 heri

87 2395 291 2443 dicebam,
325 2403 363 2436 et
389 2396 567 2436 Athenis
594 2411 685 2437 cum
711 2411 865 2445 essem,
904 2397 1163 2438 doctissimos
1190 2398 1298 2439 viros
1325 2405 1365 2439 et
1388 2397 1429 2438 in

86 2456 191 2496 Asia
226 2456 351 2496 istum
388 2457 523 2511 ipsum
557 2458 776 2513 Scepsium
804 2458 1110 2507 Metrodorum,
1149 2473 1242 2499 cum
1279 2459 1329 2500 de
1364 2459 1427 2499 his

85 2518 185 2571 ipsis
210 2519 333 2558 rebus
360 2519 585 2573 disputaret
594 2536 604 2569 3
642 2534 774 2573 neque
800 2535 896 2561 vero
921 2520 1021 2560 mihi
1053 2521 1268 2574 quisquam
1292 2521 1430 2576 copio-

87 2580 171 2619 sius
210 2595 405 2634 umquam
443 2581 556 2621 visus
595 2591 656 2623 est
693 2597 826 2635 neque
862 2582 1051 2624 subtilius
1087 2583 1130 2623 in
1164 2583 1242 2624 hoc
1277 2598 1427 2638 genere

86 2642 247 2682 dicendi
268 2657 390 2696 quam
414 2644 491 2684 iste
512 2643 632 2685 hodie
658 2659 750 2685 0550
770 2651 977 2685 versatus:
1004 2645 1114 2698 quod
1135 2645 1168 2686 si
1183 2652 1294 2685 esset
1312 2645 1428 2685 aliter

85 2711 126 2742 et
150 2703 302 2756 aliquid
337 2705 620 2759 intellegerem
651 2707 702 2747 ab
726 2706 912 2747 Antonio
947 2706 1301 2761 praetermissum,
1344 2722 1425 2746 non

1454 448 1503 472 3113

1454 1003 1503 1027 364

1452 1968 1496 2001 90

1451 2016 1501 2039 305
