1859 3069
316 613 363 638 145

317 1043 364 1068 146

320 1468 363 1502 43

322 1665 368 1689 147

321 2407 368 2431 148

387 200 471 241 310
793 206 840 239 M.
867 204 1044 239 TIJLLH
1071 203 1332 238 CICERONIS

388 289 422 329 si
447 287 713 334 cohortando,
741 285 774 324 si
800 283 1094 338 percontando,
1122 283 1155 323 si
1181 285 1535 335 communicando,
1562 287 1595 327 si
1616 286 1739 326 inter-

387 350 485 390 dum
523 349 644 389 etiam
683 362 766 386 una
801 345 998 400 legendo,
1037 344 1262 393 audiendo,
1298 346 1458 394 nescio,
1499 346 1606 402 [cur]
1647 363 1738 388 cum

388 411 573 452 docendo
600 409 722 450 etiam
753 407 907 460 aliquid
939 407 1159 459 aliquando
1196 407 1332 461 possis
1368 408 1558 450 meliores
1589 410 1738 459 facere,

388 488 459 513 cur
483 471 615 512 nolis?
653 485 723 518 an,
758 469 907 523 quibus
934 469 1070 509 verbis
1099 483 1308 508 sacrorum
1336 469 1526 511 alienatio
1552 471 1641 520 fiat,
1669 472 1741 511 do-

388 549 479 575 cere
505 534 724 574 honestum
751 541 832 581 est,
858 539 904 572 ut
929 540 1009 572 est:
1048 531 1197 584 quibus
1223 532 1314 586 ipsa
1340 547 1457 573 saera
1481 533 1646 574 retineri
1671 535 1741 575 de—

390 595 585 648 fendique
621 594 803 650 possint,
841 609 924 635 non
956 594 1177 635 honestum
1208 594 1296 634 est?
1333 594 1468 635 acius
1500 596 1741 650 profitentur

388 658 511 699 etiam
543 657 612 710 qui
642 657 849 706 nesciunt3
888 656 1124 709 eloquentia
1155 664 1292 697 autem
1321 656 1379 697 illi
1411 657 1507 712 ipsi,
1545 658 1615 710 qui
1645 672 1741 699 con-

389 719 519 761 secuti
544 727 658 767 sunt,
685 726 824 759 tamen
850 734 893 760 se
919 719 1056 759 valere
1082 718 1362 768 dissimulant,
1388 728 1607 774 propterea
1633 721 1741 773 quod

386 781 605 836 prudentia
647 781 883 822 hominibus
926 789 1045 835 grata
1080 789 1161 830 est,
1205 781 1348 835 lingua
1390 789 1600 836 suspecta:
1643 797 1741 822 num

387 843 512 897 igitur
538 851 608 883 aut
632 842 759 884 latere
785 843 1019 896 eloquentia
1050 850 1188 897 potest
1213 851 1281 883 aut
1307 843 1367 892 id,
1406 844 1516 896 quod
1549 843 1741 884 dissimu-

386 906 462 954 lat,
499 905 646 959 effugit
683 912 753 945 aut
787 916 851 945 est
886 905 1114 960 perieulum
1145 920 1197 945 ne
1236 905 1327 958 quis
1364 912 1482 960 putet
1511 905 1552 946 in
1589 921 1741 959 magna

388 975 473 1008 arte
510 974 551 1008 et
587 967 769 1022 gloriosa
804 975 922 1022 turpe
960 982 1051 1008 esse
1089 968 1236 1008 docere
1275 967 1375 1008 alios
1412 968 1472 1016 id,
1517 968 1626 1021 quod
1662 968 1742 1023 ipsi

388 1029 512 1070 fuerit
536 1029 877 1070 honestissimum
902 1029 1084 1070 discere?
1111 1043 1157 1070 ae
1183 1030 1360 1070 fortasse
1386 1030 1510 1070 ceteri
1536 1030 1740 1079 tectiores3

388 1106 466 1146 ego
493 1106 655 1146 semper
680 1107 746 1132 me
772 1091 965 1132 didicisse
990 1107 1089 1146 prae
1114 1106 1179 1131 me
1206 1091 1298 1132 tuli:
1332 1092 1400 1145 qui
1426 1092 1534 1132 0111111
1559 1106 1740 1146 possem,

387 1168 480 1194 cum
513 1160 554 1194 et
585 1153 784 1194 afuissem
816 1154 939 1195 domo
977 1153 1220 1194 adulescens
1254 1162 1294 1194 et
1330 1153 1475 1194 horum
1514 1154 1739 1194 studiorum

387 1229 513 1256 eausa
536 1215 666 1256 maria
696 1215 939 1256 transissem
970 1223 1010 1256 et
1035 1215 1286 1256 doctissimis
1325 1215 1559 1255 hominibus
1591 1215 1742 1256 referta

387 1278 534 1318 domus
561 1284 672 1318 esset
697 1284 738 1318 et
767 1277 928 1331 aliquae
959 1278 1136 1318 fortasse
1167 1277 1352 1317 inessent
1387 1277 1429 1316 in
1456 1291 1644 1317 sermone
1669 1291 1743 1317 no—

389 1348 472 1380 stro
516 1338 795 1380 doctrinarum
836 1347 979 1389 notae,
1024 1353 1199 1392 eumque
1242 1339 1365 1392 volgo
1410 1338 1562 1393 scripta
1602 1346 1744 1379 nostra

387 1400 640 1455 legerentur,
674 1401 934 1441 dissimulare
960 1416 1025 1441 1110
1052 1400 1271 1441 didicisse?
1307 1400 1405 1453 quid
1431 1407 1518 1440 erat
1543 1414 1624 1453 quo
1650 1415 1744 1454 pro-

391 1463 549 1513 barem,
575 1463 655 1504 nisi
680 1464 791 1517 quod
815 1479 962 1519 parum
987 1464 1165 1505 fortasse
1191 1463 1473 1518 profeceram?
1511 1463 1624 1516 quod
1649 1477 1741 1503 011111

387 1525 445 1566 ita
482 1526 552 1575 sit,
591 1534 728 1568 tamen
766 1542 832 1575 ea,
871 1541 976 1580 quae
1014 1542 1141 1581 supra
1177 1526 1286 1566 dicta
1313 1534 1425 1575 511111,
1463 1525 1556 1580 plus
1587 1525 1629 1565 in
1661 1525 1744 1565 dis-

388 1588 571 1642 putando
598 1603 722 1641 quam
747 1603 808 1637 ea,
835 1588 886 1629 de
912 1588 1060 1641 quibus
1087 1588 1306 1628 dicendum
1333 1596 1407 1637 est,
1435 1587 1646 1641 dignitatis
1673 1586 1745 1627 ha-

390 1649 583 1699 buerunt,
627 1651 677 1690 de
725 1650 862 1690 verbis
906 1650 1014 1690 0111111
1059 1649 1354 1704 componendis
1398 1656 1439 1690 et
1480 1649 1530 1689 de
1574 1649 1743 1703 syllabis

388 1711 686 1765 propemodum
707 1711 1015 1752 dinumerandis
1038 1720 1078 1752 et
1098 1711 1358 1752 dimetiendis
1378 1711 1594 1763 loquemur
1602 1727 1612 1760 3
1640 1725 1743 1763 quae

389 1772 512 1812 etiam
538 1772 573 1813 si
610 1784 723 1821 sunt,
767 1772 887 1813 sicuti
920 1773 1019 1813 mihi
1051 1773 1262 1821 videntur,
1305 1772 1559 1820 necessaria,
1608 1779 1744 1812 tamen

388 1834 492 1874 fiunt
538 1835 868 1889 magnificentius
917 1849 1041 1888 quam
1091 1835 1303 1875 docentur.
1383 1841 1447 1875 est
1487 1834 1530 1874 id
1578 1834 1744 1874 omnino

392 1910 551 1945 verum,
586 1897 660 1937 sed
685 1897 849 1952 proprie
875 1896 917 1937 in
942 1897 1020 1937 hoc
1046 1897 1211 1945 dieitur3
1244 1912 1340 1937 nam
1367 1896 1550 1937 omnium
1573 1911 1746 1950 magna-

389 1972 480 1997 rum
517 1959 665 1999 artium
703 1959 808 1999 sicut
845 1959 1038 2000 arborum
1075 1958 1247 1999 altitudo
1284 1974 1360 1999 nos
1399 1958 1595 2007 delectat,
1637 1957 1747 1998 radi-

391 2034 459 2061 ces
503 2021 735 2076 stirpesque
779 2036 862 2061 non
904 2020 1021 2070 item3
1066 2021 1141 2061 sed
1183 2035 1275 2061 esse
1318 2020 1388 2061 illa
1431 2020 1519 2060 sine
1561 2019 1625 2060 his
1663 2034 1746 2060 non

390 2089 542 2136 potest.
625 2098 691 2124 1110
735 2090 874 2124 autem
917 2082 1004 2123 sive
1051 2082 1422 2138 pervagatissimus
1470 2082 1538 2122 ille
1587 2096 1744 2130 versus,

391 2144 460 2197 qui
486 2152 599 2186 vetat

565 2214 694 2247 artem
719 2207 875 2262 pudere
900 2207 1107 2261 proloqui,
1134 2221 1257 2260 quam
1286 2206 1463 2255 factites,

392 2269 651 2310 dissimulare
677 2284 759 2310 non
786 2269 893 2319 sinit,
923 2268 1039 2323 [quin
1065 2268 1281 2323 delecter‚]
1311 2268 1397 2309 sive
1424 2276 1539 2309 tuum
1565 2268 1745 2309 studium

392 2332 471 2374 hoc
507 2348 531 2372 a
566 2347 633 2372 me
670 2332 862 2373 volumen
900 2331 1122 2386 expressit,
1160 2339 1298 2372 tamen
1336 2331 1414 2380 eis,
1452 2346 1555 2384 quos
1593 2331 1746 2384 aliquid

392 2393 715 2448 reprehensuros
761 2393 1020 2448 suspicabar,
1064 2392 1401 2447 respondendum
1437 2392 1527 2433 fuit.
1599 2392 1745 2445 quodsi

393 2470 459 2504 ea,
492 2470 597 2509 quae
624 2455 726 2504 dixi,
760 2471 843 2496 non
868 2455 925 2496 ita
949 2462 1108 2503 essent,
1135 2454 1226 2507 quis
1254 2462 1392 2495 tamen
1419 2469 1462 2495 se
1488 2463 1572 2495 tam
1597 2455 1743 2494 durum

394 2525 681 2572 agrestemque
705 2517 939 2572 praeberet,
971 2516 1040 2570 qui
1065 2517 1172 2557 hanc
1196 2516 1295 2556 mihi
1320 2531 1403 2557 non
1429 2516 1544 2557 daret
1568 2516 1744 2560 veniam,

393 2587 438 2618 ut
474 2593 567 2619 eum
603 2594 720 2620 meae
756 2580 944 2620 forenses
982 2586 1090 2619 artes
1125 2586 1166 2619 et
1204 2579 1386 2619 actiones
1422 2578 1612 2633 publicae
1649 2592 1745 2619 con-

395 2640 609 2689 cidissent,
646 2656 729 2681 non
764 2656 830 2681 1110
868 2648 939 2681 aut
970 2640 1171 2689 desidiae,
1210 2640 1321 2693 quod
1357 2640 1494 2681 facere
1531 2655 1612 2680 non
1649 2654 1744 2694 pos-

396 2716 505 2749 sum,
550 2709 619 2741 aut
655 2702 906 2750 maestitiae,
951 2702 1017 2742 cui
1053 2702 1221 2747 resiste,
1264 2701 1401 2756 potius
1439 2716 1561 2754 quam
1598 2701 1741 2741 litteris
