1859 3069
312 249 381 285 DE
408 248 610 284 PARTIT.
637 247 901 284 ORATORIA
925 248 1059 283 DIAL.
1084 248 1262 282 96—103.
1392 240 1475 280 365

123 327 191 383 [ac
227 329 504 386 publicarum]
548 345 686 371 rerum
722 330 814 385 lege
854 337 924 370 aut
958 345 1072 371 more
1113 330 1313 385 positum3
1359 330 1474 370 cuius

122 392 293 433 scientia
318 393 509 446 neglecta
535 393 586 432 ab
612 392 843 433 oratoribus
880 392 1088 447 plerisque
1112 391 1232 432 nobis
1259 392 1308 432 ad
1338 392 1476 432 dicen-

122 455 221 495 dum
246 454 482 495 necessaria
506 454 681 495 videtur.
731 468 812 507 qua
835 469 879 495 re
905 454 956 494 de
982 453 1280 495 constituendis
1307 453 1477 494 actioni-

122 517 218 564 bus,
258 517 469 571 capiendis
502 516 811 569 subeundisque
836 515 1018 565 iudiciis,
1057 516 1107 556 de
1134 515 1378 570 excipienda
1401 515 1478 555 ini-

121 579 276 632 quitate
303 579 495 629 aetionis,
536 579 586 620 de
613 579 892 633 comparanda
918 578 1142 632 aequitate,
1182 579 1293 631 quod
1317 593 1367 619 ea
1390 578 1477 619 fere

123 641 289 695 generis
334 641 421 682 eius
469 649 582 690 sunt,
625 648 688 690 ut,
731 655 982 694 quamquam
1024 641 1066 681 in
1108 641 1246 696 ipsum
1281 640 1476 681 iudicium

123 718 247 758 saepe
274 703 536 752 delabantur,
563 710 701 744 tamen
728 710 821 743 ante
847 703 1043 743 iudicium
1069 703 1285 743 tractanda
1310 702 1479 744 videan-

122 772 205 813 tur,
243 765 413 819 paulum
439 779 487 805 ea
513 779 660 820 separo
687 780 710 805 a
734 765 895 806 iudiciis
934 773 1118 820 tempore
1154 765 1288 819 magis
1328 764 1478 819 agendi

122 841 245 880 quam
276 827 610 868 dissimilitudine
642 827 825 881 generis3
862 843 959 868 nam
984 828 1140 876 omnia,
1179 842 1283 881 quac
1316 828 1367 868 de
1391 827 1478 868 iure

122 889 231 930 civili
257 897 327 930 aut
351 890 402 930 de
428 904 559 942 aequo
585 896 626 930 et
650 891 759 931 bono
798 890 1099 945 disceptantur,
1137 891 1290 930 cadunt
1319 890 1362 930 in
1386 905 1480 931 eam

121 951 298 991 formam
324 965 554 999 causarum,
587 951 629 991 in
655 965 734 1004 qua
772 952 892 1004 quale
930 952 1029 1005 quid
1067 952 1119 992 sit
1149 951 1389 1007 ambigitur,
1428 952 1479 993 dc

121 1028 202 1066 qua
239 1013 385 1053 dicturi
423 1027 585 1061 sumus,
629 1027 734 1066 quae
772 1013 814 1054 in
858 1015 1063 1067 aequitate
1101 1022 1140 1055 et
1175 1014 1262 1055 iure
1298 1014 1478 1055 maxime

121 1075 323 1116 consistit.
384 1075 426 1115 in
452 1075 644 1116 omnibus
670 1075 796 1130 igitur
821 1077 957 1117 causis
984 1085 1066 1117 tres
1095 1084 1188 1117 sunt
1215 1078 1389 1132 gradus,
1427 1092 1477 1118 ex

121 1137 270 1191 quibus
296 1152 402 1177 unus
442 1137 589 1191 aliquis
628 1138 853 1192 capiendus
881 1146 962 1187 cst,
1002 1139 1035 1179 si
1061 1139 1190 1194 pluris
1221 1155 1304 1180 non
1336 1154 1477 1192 queas,

121 1200 174 1240 ad
203 1199 507 1241 resistendum:
545 1215 643 1240 nam
679 1208 748 1241 aut
783 1201 841 1241 ita
876 1201 1187 1242 consistendum
1225 1210 1305 1248 est,
1342 1210 1387 1241 ut
1423 1201 1477 1249 id,

121 1262 233 1315 quod
269 1262 463 1312 obicitur,
507 1262 663 1303 factum
705 1278 855 1317 neges,
900 1272 969 1304 aut
1010 1264 1132 1312 illud,
1177 1264 1288 1317 quod
1324 1264 1479 1304 factum

121 1324 297 1373 fateare,
339 1339 468 1378 neges
507 1339 599 1366 eam
641 1324 726 1365 vim
763 1325 915 1366 habere
967 1333 1088 1378 atque
1130 1325 1173 1365 id
1214 1341 1325 1373 esse,
1370 1326 1480 1378 quod

122 1386 383 1427 adversarius
411 1386 667 1433 criminetur,
706 1394 794 1435 aut,
833 1387 867 1427 si
891 1402 1025 1440 neque
1051 1388 1101 1428 de
1129 1388 1237 1428 facto
1269 1402 1402 1440 neque
1429 1388 1479 1427 (10

121 1448 219 1489 facti
257 1447 532 1503 appellatione
559 1448 713 1503 ambigi
744 1456 901 1503 potest,
938 1449 998 1498 id,
1036 1450 1147 1502 quod
1185 1464 1376 1504 arguare,
1408 1465 1481 1490 110-

121 1526 195 1565 ges
222 1510 302 1551 tale
329 1525 421 1552 esse
447 1511 568 1564 quale
593 1511 661 1552 ille
688 1511 797 1551 dicat
822 1520 863 1552 et
886 1520 1042 1552 rectum
1070 1527 1163 1553 esse
1196 1513 1307 1565 quod
1332 1512 1478 1553 feceris

124 1573 489 1613 concedendumve
516 1573 730 1614 defendas.
780 1573 836 1614 ita
861 1574 1017 1628 primus
1043 1574 1111 1615 ille
1139 1583 1270 1615 status
1297 1582 1335 1615 et
1362 1574 1481 1627 quasi

123 1635 328 1676 conflictio
360 1649 452 1675 cum
493 1635 731 1676 adversario
770 1637 1005 1677 coniectura
1037 1637 1233 1690 quadam,
1273 1637 1478 1678 secundus

123 1706 260 1738 autem
292 1697 529 1738 definitione
566 1706 689 1751 atque
729 1697 1024 1754 [descriptione
1062 1698 1151 1754 aut]
1189 1699 1479 1739 informatione

122 1759 250 1808 verbi,
277 1759 419 1799 tertius
448 1759 567 1812 aequi
592 1769 632 1800 et
658 1760 744 1801 veri
771 1771 808 1801 et
838 1759 956 1814 [recti
982 1760 1040 1816 et]
1068 1760 1237 1801 humani
1263 1761 1315 1800 ad
1340 1761 1481 1815 ignos-

1502 1073 1546 1106 29

1499 1120 1546 1144 101

1500 1589 1548 1613 102

123 1822 300 1862 cendum
336 1822 615 1877 disputatione
654 1824 891 1864 tractandus
935 1831 1009 1864 est.
1071 1831 1111 1864 et
1142 1823 1335 1876 quoniam
1374 1838 1481 1863 sem—
1525 1870 1527 1872 Ι

121 1899 195 1939 per
231 1883 285 1933 is,
322 1883 392 1937 qui
424 1884 627 1931 defendit,
665 1900 747 1925 11011
780 1885 912 1925 solum
949 1885 1115 1925 resistat
1152 1892 1313 1940 oportet
1344 1884 1480 1937 aliquo

123 1953 234 1986 certo
272 1953 380 1985 statu
417 1952 487 1985 aut
528 1945 742 1986 infitiando
780 1958 849 1987 aut
893 1947 1125 1987 definiendo
1169 1956 1239 1987 aut
1275 1946 1482 1999 aequitate

123 2007 384 2061 opponenda,
412 2007 486 2047 sed
506 2007 630 2048 etiam
650 2008 852 2050 rationem
875 2009 1051 2049 subiciat
1068 2009 1340 2050 recusationis
1368 2024 1480 2058 suae,

123 2069 279 2124 primus
317 2068 385 2109 ille
422 2077 554 2111 status
580 2070 781 2111 rationem
820 2071 945 2112 habet
969 2071 1098 2124 iniqui
1129 2070 1310 2111 criminis
1348 2070 1482 2125 ipsam

124 2131 388 2185 negationem
425 2131 794 2186 infitiationemque
832 2133 948 2182 facti3
988 2133 1214 2182 secundus,
1253 2133 1364 2186 quod
1399 2148 1482 2173 non

126 2192 177 2233 sit
202 2193 243 2233 in
268 2208 331 2241 re,
370 2193 481 2246 quod
506 2195 558 2235 ab
596 2195 833 2236 adversario
869 2202 1047 2250 ponatur
1071 2195 1113 2235 in
1139 2195 1285 2243 verbo3
1324 2194 1480 2243 tertius,

125 2254 236 2307 quod
260 2254 303 2294 id
325 2261 436 2295 recte
474 2255 629 2296 factum
656 2271 748 2298 csse
782 2257 996 2306 defendat,
1035 2257 1146 2310 quod
1178 2257 1264 2297 sine
1302 2256 1386 2297 ulla
1410 2272 1484 2297 no-

127 2316 250 2356 minis
289 2318 571 2358 controversia
606 2319 763 2359 factum
799 2320 996 2360 fateatur:
1041 2319 1189 2360 deinde
1225 2318 1297 2359 uni
1335 2319 1481 2372 cuique

124 2377 272 2418 rationi
309 2380 602 2433 opponendum
639 2389 702 2421 est
739 2382 791 2421 ab
829 2389 1068 2422 accusatore
1100 2381 1160 2429 id,
1199 2381 1309 2434 quod
1341 2381 1375 2422 si
1400 2396 1482 2423 non

127 2448 236 2480 essct
262 2439 304 2479 in
331 2441 612 2491 accusatione,
640 2457 765 2483 causa
790 2443 956 2484 omnino
982 2458 1074 2484 esse
1100 2458 1183 2483 non
1208 2451 1370 2497 posset:
1408 2443 1484 2483 ita-

126 2516 206 2554 que
233 2516 294 2551 ca,
321 2516 426 2555 quae
453 2503 512 2543 sic
535 2504 782 2553 referuntur,
810 2505 1061 2546 continentia
1088 2519 1307 2546 causarum
1332 2519 1483 2547 vocan—

127 2573 212 2610 tur,
248 2578 498 2617 quamquam
522 2580 606 2606 non
631 2581 679 2607 ea
705 2567 857 2621 magis,
895 2582 1000 2620 quae
1026 2576 1169 2608 contra
1204 2567 1385 2609 rationes
1412 2568 1483 2608 dc-

126 2625 326 2666 fensionis
370 2626 628 2675 adferuntur,
678 2642 802 2681 quam
843 2629 958 2683 ipsae
1002 2629 1254 2671 defensionis
1302 2630 1482 2671 rationes

127 2687 338 2728 continent.
375 2702 542 2738 causas3
582 2690 655 2730 sed
692 2690 974 2746 distinguendi
1011 2691 1144 2746 gratia
1178 2692 1381 2733 rationem
1411 2709 1483 2747 ap-

125 2749 326 2803 pellemus
353 2764 462 2799 eam,
501 2765 604 2804 quac
632 2751 814 2793 adfertur
840 2753 891 2794 ab
921 2768 991 2794 reo
1024 2754 1075 2795 ad
1110 2755 1386 2795 recusandum
1413 2755 1483 2795 de-

1508 2336 1556 2360 103
