1859 3069
346 531 352 546 ί

343 523 374 545 ''·)

343 1009 372 1032 'sl

340 2524 360 2592 —11C

364 2523 382 2593 *10

408 233 490 274 358
808 243 853 275 Μ.
883 242 1057 277 TULLII
1083 241 1343 275 CICERONIS

407 322 599 362 virtutum
636 323 907 374 vitiorumque
946 331 1143 361 versetur.
1201 321 1402 373 reliquum
1440 332 1576 362 autem
1612 337 1743 377 genus

405 398 620 424 causarum
647 393 714 423 aut
740 383 781 422 in
805 383 1039 437 provisione
1064 383 1217 436 posteri
1250 383 1444 436 temporis
1470 396 1537 423 aut
1562 384 1603 423 iu
1627 399 1745 438 prae-

405 445 509 485 teriti
525 444 821 498 disceptatione
843 452 1046 492 versatur3
1069 458 1239 496 quorum
1255 444 1425 483 alterum
1441 445 1743 485 deliberationis

404 515 483 553 est,
510 506 680 545 alterum
706 505 860 553 iudieii3
898 520 949 545 ex
975 520 1055 557 qua
1078 505 1294 559 partitione
1320 505 1394 545 tria
1419 520 1572 559 genera
1601 520 1745 547 eausa-

403 582 492 606 rum
519 567 780 606 exstiterunt:
806 581 950 614 unum,
979 567 1088 619 quod
1113 581 1137 606 a
1160 566 1327 606 meliore
1359 575 1474 620 parte
1498 567 1743 607 laudationis

403 638 463 669 est
485 627 746 682 appellatum,
774 627 1076 668 deliberationis
1098 627 1283 675 alterum,
1309 628 1471 668 tertium
1490 627 1742 668 iudiciorum.

405 704 527 742 quam
553 690 605 729 ob
630 704 717 729 rem
743 689 793 729 de
829 689 961 743 primo
996 689 1192 743 primum,
1231 688 1265 728 si
1290 689 1442 743 placet,
1474 689 1741 742 disputemus.

406 751 453 791 C.
479 751 528 790 F.
555 750 655 789 mihi
680 765 777 790 vero
802 750 949 804 placet.

485 810 533 852 C.
559 812 608 851 P.
635 812 701 851 Ae
724 811 918 851 laudandi
946 811 1284 865 vituperandique
1308 811 1507 858 rationes,
1535 825 1637 864 quae
1662 825 1742 850 non

405 873 456 912 ad
479 873 583 912 bene
621 872 840 912 (licendum
871 872 1023 920 solum,
1062 872 1135 912 sed
1173 872 1294 912 etiam
1321 872 1373 912 ad
1397 872 1567 912 honeste
1604 872 1744 912 viven-

404 934 499 973 dum
531 934 688 981 valent,
726 948 930 987 exponam
969 933 1146 973 breviter
1183 942 1303 986 atque
1330 949 1353 974 a
1381 932 1590 987 principiis
1627 946 1744 973 exor-

407 995 493 1034 diar
524 1003 562 1034 et
593 995 787 1034 laudandi
820 1003 859 1035 et
890 995 1159 1049 vituperandi.
1220 995 1356 1034 omnia
1387 995 1494 1034 enim
1526 1001 1620 1034 sunt
1649 1009 1744 1048 pro-

406 1058 513 1096 fecto
539 1057 756 1101 laudanda,
785 1071 888 1109 quae
914 1057 1131 1097 eoniuneta
1155 1071 1248 1096 eum
1274 1056 1420 1096 virtute
1447 1064 1553 1104 sunt,
1580 1065 1618 1096 et
1639 1071 1742 1109 quae

403 1132 494 1157 eum
523 1118 646 1165 vitiis,
685 1118 970 1171 vituperanda3
1009 1132 1132 1170 quam
1156 1119 1208 1158 ob
1234 1133 1319 1157 rem
1356 1118 1447 1157 finis
1487 1117 1653 1157 alterius
1680 1126 1743 1158 est

404 1179 615 1227 honestas,
643 1179 806 1219 alterius
834 1179 1053 1233 turpitudo.
1113 1179 1324 1219 conficitur
1349 1190 1483 1218 autem
1509 1194 1639 1232 genus
1666 1179 1742 1219 hoe

405 1240 592 1280 dictionis
620 1240 832 1280 narrandis
872 1240 1207 1294 exponendisque
1244 1240 1363 1280 saetis
1391 1240 1478 1279 sine
1503 1240 1595 1279 ullis
1622 1254 1742 1293 argu-

404 1301 740 1350 mentationibus,
779 1302 828 1340 ad
856 1301 979 1341 animi
1009 1310 1145 1341 motus
1177 1301 1321 1341 leniter
1352 1301 1584 1340 tractandos
1610 1301 1741 1354 magis

404 1376 525 1414 quam
552 1362 602 1401 ad
627 1362 749 1401 fidem
786 1362 1016 1401 faciendam
1049 1370 1116 1401 aut
1154 1361 1474 1401 confirmandam
1511 1361 1743 1401 adcommo-

405 1423 510 1463 date.
569 1438 649 1462 non
677 1423 784 1462 enim
810 1423 934 1462 dubia
958 1423 1186 1469 firmantur,
1215 1423 1287 1462 sed
1313 1437 1378 1470 ea,
1411 1437 1514 1474 quae
1540 1432 1650 1462 certa
1674 1430 1743 1462 aut

403 1499 477 1538 pro
503 1484 622 1523 certis
654 1484 789 1537 posita
826 1491 938 1532 sunt,
977 1492 1195 1538 augenturg
1235 1498 1357 1536 quam
1389 1485 1441 1523 ob
1477 1499 1562 1523 rem
1595 1499 1644 1524 ex
1670 1484 1741 1531 eis,

405 1559 507 1597 quae
540 1553 632 1584 ante
663 1545 771 1584 dieta
809 1552 921 1592 sunt,
958 1552 999 1584 et:
1027 1544 1219 1584 narrandi
1250 1553 1288 1584 et
1320 1545 1496 1598 augendi
1525 1554 1743 1598 praecepta

405 1614 650 1660 repetentur.
711 1614 749 1645 et
787 1606 977 1658 quoniam
1014 1606 1055 1646 in
1087 1606 1149 1645 his
1187 1605 1320 1645 causis
1353 1606 1483 1646 omnis
1519 1606 1621 1646 ratio
1657 1608 1759 1646 fere·

411 1667 462 1706 ad
498 1666 750 1720 voluptatem
795 1667 990 1707 auditoris
1033 1675 1073 1707 et
1110 1667 1162 1706 ad
1204 1667 1514 1707 delectationem
1556 1667 1741 1713 refertur,

404 1728 598 1767 utendum
619 1727 693 1767 erit
717 1728 757 1767 in
783 1727 840 1768 eis
870 1727 928 1781 [in
954 1727 1153 1782 oratione]
1182 1736 1221 1768 et
1247 1728 1501 1781 singulorum
1526 1729 1742 1768 verborum

404 1789 653 1841 insignibus,
692 1803 796 1841 quae
833 1789 984 1829 habent
1021 1789 1240 1843 plurimum
1267 1789 1499 1836 suavitatis;
1536 1789 1577 1828 id
1608 1789 1670 1837 fit,
1709 1789 1742 1827 si

405 1850 522 1889 saetis
550 1849 684 1890 verbis
711 1859 779 1890 aut
804 1850 976 1890 vetustis
1001 1859 1069 1890 aut
1089 1850 1295 1890 translatis
1316 1851 1549 1902 frequenter
1567 1858 1740 1892 utamur.

405 1919 445 1951 et
468 1911 558 1965 ipsa
584 1912 883 1952 construetione
908 1918 1144 1959 verborum,
1170 1920 1212 1951 ut
1238 1911 1352 1965 paria
1376 1911 1541 1965 paribus
1568 1920 1606 1950 et
1633 1911 1742 1950 simi-

405 1973 457 2012 lia
484 1972 682 2012 similibus
709 1987 832 2026 saepe
856 1973 1103 2021 referantur,
1140 1981 1183 2012 ut
1209 1973 1427 2016 contraria,
1453 1980 1498 2012 ut
1523 1972 1740 2025 geminata.

405 2042 450 2073 ut
486 2034 794 2088 circumscripta
828 2049 1066 2082 numerose,
1103 2050 1185 2074 non
1223 2035 1274 2074 ad
1311 2034 1617 2074 similitudinem
1653 2048 1743 2073 ver-

407 2110 542 2143 suum,
581 2096 655 2135 sed
680 2096 731 2135 ad
762 2096 1010 2150 explendum
1047 2096 1203 2135 aurium
1242 2111 1407 2136 sensum
1441 2104 1534 2149 apto
1566 2095 1742 2147 quodam

345 2177 358 2200 ς
407 2157 524 2208 quasi
554 2158 771 2197 verborum
803 2158 937 2197 modo.
998 2158 1310 2210 adhibendaque
1341 2157 1594 2209 frequentius
1621 2156 1743 2196 etiam

404 2219 473 2258 illa
497 2227 735 2258 ornamenta
760 2233 895 2258 rerum
921 2228 1034 2266 sunt,
1073 2218 1158 2259 sive
1184 2233 1287 2271 quae
1325 2218 1578 2258 admirabilia
1604 2227 1643 2257 et
1667 2231 1742 2257 nee

406 2280 572 2333 opinata
596 2279 681 2319 sive
708 2280 937 2331 significata
961 2281 1174 2327 monstris,
1199 2280 1415 2334 prodigiis,
1443 2279 1629 2327 oraculis,
1657 2279 1742 2319 sive

407 2356 509 2393 quae
535 2341 780 2380 videbuntur
806 2341 861 2389 ei,
900 2342 950 2382 de
976 2357 1055 2394 quo
1081 2357 1271 2395 agemus,
1298 2342 1495 2381 eeeidisse
1522 2341 1659 2380 divina
1684 2349 1743 2380 at-

408 2417 484 2454 que
510 2401 661 2441 fatalia.
722 2402 853 2441 omnis
881 2402 987 2441 enim
1021 2403 1271 2456 exspectatio
1298 2403 1404 2449 eius,
1442 2402 1511 2454 qui
1537 2402 1666 2449 audit,
1703 2410 1742 2441 et

409 2463 619 2502 admiratio
645 2471 683 2503 et
708 2463 918 2517 improvisi
946 2464 1078 2503 exitus
1102 2464 1251 2503 habent
1273 2463 1448 2515 aliquam
1474 2463 1515 2502 in
1540 2463 1742 2502 audiendo

410 2525 671 2577 voluptatem.
735 2525 807 2564 sed
833 2525 1025 2576 quoniam
1057 2525 1184 2564 tribus
1210 2525 1251 2563 in
1281 2525 1500 2577 generibus
1526 2524 1634 2563 bona
1658 2539 1742 2563 ma-

408 2586 496 2625 lave
525 2595 754 2634 versantur,
793 2586 990 2634 externis,
1030 2586 1209 2639 eorporis
1243 2594 1281 2625 et
1319 2585 1459 2631 animi,
1496 2585 1627 2638 prima
1663 2584 1741 2623 sint

409 2654 593 2691 externa,
631 2660 735 2698 quae
772 2647 971 2686 ducantur
997 2662 1019 2686 a
1044 2662 1211 2699 geuere3
1250 2662 1328 2699 quo
1354 2646 1531 2685 breviter
1564 2645 1743 2684 modice-

410 2720 486 2757 que
511 2706 676 2745 laudato
703 2717 791 2755 aut,
829 2707 861 2747 si
889 2707 965 2747 erit
988 2707 1159 2754 infame,
1184 2707 1491 2761 praetermisso,
1519 2706 1551 2745 si
1578 2705 1741 2753 humile,
