1859 3069
335 489 384 513 332

334 1482 384 1506 334

333 1916 382 1941 333

410 197 493 241 ,134
816 203 865 236 M.
892 201 1069 237 TULLn
1096 199 1361 235 CICERONIS

411 286 587 340 quaerit3
627 285 700 326 sed
727 283 822 336 qnia
851 296 985 334 neque
1014 281 1280 336 reprehendi,
1319 295 1424 334 quae
1450 288 1593 322 eontra
1618 282 1759 322 dieun-

410 358 493 397 tur,
530 353 724 402 possunt,
763 344 842 384 nisi
868 352 939 384 tua
963 343 1200 392 confirmes,
1227 357 1361 396 neque
1387 343 1487 384 haee
1514 344 1758 394 confirmari,

409 411 487 451 nisi
512 411 582 450 illa
616 406 917 462 reprehendas,
955 406 1108 447 ideireo
1145 406 1248 447 haee
1273 413 1313 447 et
1348 413 1496 447 natura
1520 414 1561 447 et
1586 406 1759 447 utilitate

411 481 449 513 et
476 470 716 512 tractatione
743 468 962 510 coniuncta
987 475 1095 509 sunt.
1150 467 1289 509 omnia
1313 476 1452 508 autem
1477 467 1758 510 concludenda

408 535 650 589 plerumque
687 531 811 572 rebus
850 530 1051 585 augendis
1089 530 1156 571 vel
1191 530 1485 571 inflammando
1522 530 1656 572 iudice
1695 531 1758 572 vel

408 595 655 649 mitigando;
699 593 919 647 omniaque
961 607 1055 634 eum
1098 592 1378 648 superioribus
1422 592 1617 634 orationis
1658 593 1760 635 locis

409 666 495 698 tum
531 656 710 698 maxime
736 663 921 697 extremo
948 655 1000 696 ad
1025 655 1174 696 mentis
1207 655 1389 696 iudicum
1422 669 1546 708 quam
1581 655 1760 697 maxime

408 720 711 776 permovendas
750 726 792 760 et
828 719 882 759 ad
922 718 1142 760 utilitatem
1184 724 1369 759 nostram
1410 718 1619 759 vocandas
1664 732 1761 759 eon-

408 783 582 825 ferenda
608 790 715 824 sunt.

486 846 631 899 Neque
665 859 764 886 sane
794 844 877 885 iam
908 858 1035 885 eausa
1070 843 1233 884 videtur
1270 857 1362 884 esse
1394 857 1466 883 eur
1498 857 1759 884 secernamus

408 923 458 949 ea
492 915 731 962 praecepta,
770 921 874 960 quae
914 907 965 947 de
1002 905 1265 947 suasionibus
1303 905 1503 946 tradenda
1539 913 1634 945 sunt
1673 903 1762 958 [aut

406 968 754 1024 laudationibus],
799 976 894 1009 sunt
930 968 1039 1010 enim
1075 968 1270 1023 pleraque
1307 967 1558 1016 eommunia,
1597 967 1670 1008 sed
1700 976 1761 1007 ta-

407 1048 503 1074 men
545 1032 718 1073 suadere
762 1031 917 1085 aliquid
953 1038 1024 1071 aut
1065 1031 1305 1071 dissuadere
1347 1030 1618 1085 gravissimae
1659 1028 1759 1069 mihi

407 1110 609 1150 personae
646 1094 808 1135 videtur
845 1108 956 1143 esse3
999 1109 1096 1134 nam
1131 1101 1170 1134 et
1209 1092 1405 1148 sapientis
1444 1101 1508 1133 est
1543 1091 1760 1133 consilium

409 1157 614 1212 explicare
653 1171 774 1197 suum
805 1156 855 1196 de
885 1155 1077 1196 maximis
1107 1155 1231 1196 rebus
1264 1162 1304 1196 et
1340 1154 1502 1195 honesti
1528 1161 1569 1194 et
1604 1153 1758 1202 diserti,

408 1227 453 1259 ut
487 1226 625 1260 mente
661 1218 898 1274 providere,
937 1218 1179 1259 auctoritate
1214 1218 1409 1272 probare,
1448 1215 1631 1257 oratione
1667 1231 1760 1271 per-

364 1296 371 1302 ·
410 1281 583 1322 suadere
619 1281 771 1336 possis.
832 1288 953 1334 atque
978 1280 1081 1321 haee
1111 1280 1153 1320 in
1185 1287 1331 1321 senatu
1367 1279 1524 1319 minore
1560 1286 1759 1333 apparatu

409 1344 571 1398 agenda
597 1351 710 1393 sunt,
749 1343 914 1398 sapiens
946 1343 1056 1383 enim
1081 1350 1145 1383 est
1169 1341 1386 1383 eonsilium
1421 1340 1644 1394 multisque
1669 1340 1758 1381 aliis

408 1405 571 1447 dicendi
595 1405 890 1459 relinquendus
922 1405 1058 1455 loeus,
1095 1405 1265 1446 vitanda
1289 1404 1413 1446 etiam
1442 1404 1597 1458 ingenii
1623 1412 1760 1445 osten-

409 1468 575 1509 tationis
614 1468 807 1523 suspitio:
845 1468 981 1509 eontio
1020 1467 1131 1523 capit
1166 1483 1331 1509 omnem
1366 1467 1451 1508 vim
1488 1466 1683 1508 orationis
1721 1474 1761 1506 et

407 1529 652 1583 gravitatem
689 1529 1012 1583 varietatemque
1049 1530 1268 1570 desiderat.
1335 1544 1433 1584 ergo
1469 1530 1512 1570 in
1549 1528 1759 1570 suadendo

408 1591 508 1630 nihil
545 1599 608 1631 est
644 1591 865 1646 optabilius
904 1607 1026 1645 quam
1064 1592 1263 1647 dignitas,
1306 1607 1403 1632 nam
1439 1592 1507 1645 qui
1543 1591 1761 1632 utilitatem

406 1660 542 1707 putat,
579 1668 661 1693 non
687 1653 786 1706 quid
810 1654 988 1695 maxime
1014 1654 1113 1694 velit
1139 1669 1302 1703 suasor,
1336 1654 1409 1695 sed
1434 1654 1532 1707 quid
1555 1653 1759 1694 interdum

407 1715 541 1769 magis
565 1723 771 1768 sequatur,
798 1715 921 1756 videt.
970 1731 1091 1756 nemo
1117 1723 1181 1756 est
1206 1716 1328 1764 enim,
1353 1715 1596 1770 praesertim
1615 1715 1657 1755 in
1677 1724 1760 1756 tam

408 1776 519 1817 clara
554 1776 739 1825 civitate,
777 1777 875 1830 quin
909 1784 1027 1832 putet
1063 1777 1337 1832 expetendam
1374 1777 1552 1817 maxime
1584 1777 1761 1831 dignita-

407 1845 509 1888 tem,
549 1839 622 1879 sed
647 1838 774 1879 vineit
797 1838 950 1879 utilitas
975 1839 1235 1893 plerumque,
1263 1853 1355 1879 cum
1381 1839 1525 1879 subest
1547 1838 1615 1879 ille
1640 1839 1761 1879 timor

408 1914 457 1941 ea
480 1900 671 1953 negleeta
691 1915 743 1940 ne
780 1900 1024 1954 dignitatem
1061 1900 1227 1953 quidem
1262 1915 1386 1955 posse
1422 1900 1603 1941 retineri,
1665 1914 1761 1941 eon-

408 1962 609 2003 troversia
645 1970 781 2003 autem
806 1970 869 2003 est
892 1962 997 2003 inter
1021 1963 1235 2004 hominum
1261 1963 1485 2003 sententias
1518 1970 1588 2003 aut
1611 1963 1653 2004 in
1677 1963 1759 2013 illo,

406 2032 542 2065 utrum
570 2025 623 2065 sit
647 2025 806 2074 utilius3
845 2033 916 2066 aut
952 2026 1095 2075 etiam,
1133 2040 1227 2066 cum
1251 2025 1294 2066 id
1320 2026 1531 2076 convenit,
1570 2035 1759 2076 certatur,

410 2094 549 2127 utrum
574 2087 781 2128 honestati
805 2087 942 2142 potius
969 2103 1022 2128 an
1046 2087 1211 2128 utilitati
1236 2088 1535 2129 consulendum
1560 2088 1610 2129 sit
1619 2105 1629 2138 3
1656 2103 1759 2142 quae

407 2149 503 2202 quia
526 2164 713 2204 pugnare
749 2150 855 2190 inter
881 2165 925 2191 se
952 2165 1075 2204 saepe
1101 2150 1310 2199 videntur,
1348 2150 1417 2203 qui
1447 2143 1665 2192 utilitatem
1690 2152 1759 2191 (10-

406 2211 550 2261 fendit,
573 2212 829 2253 enumerabit
849 2213 1066 2253 commoda
1083 2212 1211 2268 pacis,
1234 2227 1371 2267 opum,
1392 2213 1613 2268 potentiae,
1634 2213 1760 2254 vecti-

406 2273 579 2327 galium,
627 2274 823 2328 praesidii
864 2274 1059 2324 militum,
1109 2282 1337 2315 ceterarum
1383 2290 1539 2324 rerum,
1589 2290 1759 2328 quarum

406 2335 586 2375 fructum
610 2335 784 2376 utilitate
810 2336 1020 2385 metimur,
1045 2336 1225 2390 itemque
1250 2336 1512 2377 incommoda
1537 2336 1758 2378 contrario-

405 2412 515 2447 rum3
542 2397 611 2451 qui
637 2398 689 2438 ad
714 2398 955 2453 dignitatem
981 2399 1165 2453 impellit,
1192 2399 1393 2439 maiorum
1419 2399 1608 2453 exempla
1635 2397 1757 2452 [quae

407 2467 525 2499 erunt
561 2459 628 2500 vel
664 2474 759 2500 eum
793 2461 976 2515 periculo
1020 2460 1218 2516 gloriosa]
1265 2460 1463 2514 conliget,
1506 2460 1756 2515 posteritatis

407 2520 680 2563 immortalem
704 2523 944 2563 memoriam
976 2523 1155 2577 augebit,
1181 2522 1399 2563 utilitatem
1424 2538 1475 2563 ex
1499 2522 1619 2563 laude
1643 2521 1756 2562 nasei

409 2582 602 2624 defendet
627 2600 871 2639 semperque
896 2601 987 2626 eam
1013 2600 1106 2626 eum
1137 2585 1336 2640 dignitate
1366 2600 1458 2625 esse
1484 2584 1754 2626 coniunctam.

335 2658 384 2683 336
410 2644 483 2683 sed
520 2645 619 2697 quid
653 2646 741 2687 fieri
777 2647 911 2702 possit
941 2655 1011 2688 aut
1046 2663 1130 2689 non
1164 2646 1298 2702 possit
1334 2646 1512 2699 quidque
1550 2645 1672 2686 etiam
1703 2644 1756 2684 sit

408 2718 578 2746 neeesse
605 2714 674 2747 aut
709 2722 792 2748 non
818 2708 887 2758 sit,
924 2708 967 2749 in
991 2716 1162 2762 utraque
1186 2723 1231 2749 re
1255 2708 1433 2749 maxime
1458 2715 1522 2748 est
1557 2720 1754 2759 quaeren-
