1859 3069
670 213 878 251 ORATOR
902 213 1014 248 1—5.
1436 203 1516 244 277

510 580 573 621 Μ.
601 579 817 622 TULLII
843 575 1172 619 CICERONIS

451 654 538 694 AD
575 653 638 694 M.
675 651 939 695 BRUTUM
976 650 1244 692 ORATOR.

248 790 401 831 Utrum
426 787 633 828 difficilius
666 793 737 827 aut
760 786 893 827 maius
926 793 1038 827 esset
1067 799 1221 840 negare
1253 784 1326 825 tibi
1358 783 1523 838 saepius
1551 781 1564 813 ¹

169 852 279 892 idem
304 850 469 905 roganti
494 865 546 890 an
577 849 742 890 efficere
767 848 828 896 id,
868 847 978 901 quod
1006 862 1198 902 rogares,
1234 847 1306 887 diu
1330 847 1526 887 multum·
1555 829 1567 851 ²

169 927 267 965 que,
303 913 454 960 Brute,
498 910 702 951 dubitavi:
746 925 843 950 nam
879 916 921 950 et
955 923 1109 963 negare
1146 908 1202 957 ei,
1247 923 1369 961 quem
1404 907 1525 948 unice

169 974 384 1028 diligerem
422 973 569 1025 cuique
601 971 900 1013 carissisimum
930 985 997 1011 me
1028 985 1123 1011 esse
1156 970 1370 1018 sentirem,
1407 984 1527 1024 prae—

171 1035 312 1077 sertim
337 1042 378 1075 et
402 1034 511 1075 iusta
539 1034 696 1089 petenti
721 1040 763 1075 et
792 1033 1006 1088 praeclara
1030 1031 1229 1087 cupienti,
1268 1032 1417 1072 durum
1454 1031 1528 1072 ad-

168 1097 338 1138 modum
363 1096 464 1136 mihi
488 1096 724 1145 videbatur,
763 1103 805 1137 et
829 1095 1040 1149 suscipere
1070 1101 1229 1135 tantam
1259 1109 1359 1143 rem,
1397 1108 1527 1147 quan-

170 1167 255 1200 tam
278 1174 362 1200 non
386 1158 511 1199 modo
548 1157 745 1199 facultate
777 1157 974 1210 consequi
1007 1156 1175 1197 difficile
1201 1163 1330 1205 esset,
1368 1155 1443 1196 sed
1468 1162 1528 1196 et-

170 1222 253 1262 iam
277 1221 527 1276 cogitatione
555 1220 790 1275 complecti,
828 1219 900 1260 vix
931 1220 1162 1260 arbitrabar
1192 1233 1285 1260 esse
1312 1218 1419 1267 eius,
1458 1216 1528 1270 qui

171 1291 380 1324 vereretur
422 1282 788 1338 reprehensionem
825 1281 1041 1323 doctorum
1078 1289 1201 1335 atque
1243 1280 1527 1335 prudentium3

171 1346 271 1399 quid
295 1345 404 1386 enim
429 1352 493 1385 est
516 1345 650 1386 maius
683 1360 826 1398 quam,
859 1359 952 1386 cum
989 1351 1104 1385 tanta
1136 1344 1189 1385 sit
1213 1344 1318 1384 inter
1343 1350 1526 1384 oratores
1552 1359 1567 1381 2

171 1408 302 1449 bonos
340 1406 651 1455 dissimilitudo,
687 1407 870 1448 iudicare
906 1421 1011 1460 quae
1038 1406 1090 1447 sit
1115 1405 1272 1460 optima
1303 1403 1462 1459 species
1488 1411 1530 1444 et

173 1469 291 1523 quasi
322 1470 455 1524 figura
491 1469 679 1510 dicendi?
715 1470 827 1522 quod
857 1469 1053 1523 quoniam
1082 1483 1149 1508 me
1187 1467 1353 1522 saepius
1389 1481 1527 1521 rogas,

173 1531 392 1586 adgrediar
417 1546 501 1572 non
526 1538 610 1571 tam
645 1531 891 1586 perficiundi
928 1546 1001 1586 spe
1033 1545 1157 1584 quam
1188 1528 1432 1584 experiundi
1457 1543 1530 1569 vo-

172 1593 327 1633 luntate
336 1610 346 1642 3
378 1593 488 1633 malo
514 1592 642 1641 enim,
669 1606 763 1633 cum
790 1593 926 1634 studio
952 1599 1022 1633 tuo
1049 1592 1126 1632 sim
1151 1591 1394 1638 obsecutus,
1422 1589 1530 1629 desi-

173 1654 307 1695 derari
332 1670 356 1695 a
381 1661 420 1694 te
446 1654 709 1709 prudentiam
744 1669 880 1695 meam
911 1668 1056 1707 quam,
1094 1653 1129 1694 si
1159 1652 1202 1692 id
1232 1667 1314 1693 non
1346 1650 1529 1699 fecerim,

174 1716 521 1757 benevolentiam.

253 1778 432 1830 Quaeris
463 1778 589 1833 igitur
623 1778 748 1832 idque
779 1778 862 1819 iam
900 1777 1085 1833 saepius,
1122 1776 1234 1830 quod
1271 1775 1529 1829 eloquentiae
1554 1792 1571 1816 3

173 1855 306 1895 genus
331 1840 505 1894 probem
530 1840 711 1881 maxime
737 1848 778 1881 et
802 1840 923 1894 quale
954 1839 1056 1880 mihi
1087 1839 1276 1880 videatur
1307 1837 1427 1893 illud,
1465 1837 1532 1877 cui

174 1901 277 1942 nihil
313 1902 409 1942 addi
446 1901 598 1957 possit,
625 1904 736 1957 quod
755 1917 834 1957 ego
872 1917 1079 1943 summum
1111 1908 1151 1941 et
1180 1899 1531 1956 perfectissimum

175 1965 370 2014 iudicem3
397 1965 439 2006 in
464 1979 545 2018 quo
570 1980 717 2006 vereor
740 1980 806 2014 ne,
834 1964 868 2005 si
893 1965 948 2014 id,
975 1965 1086 2018 quod
1111 1964 1187 2013 vis,
1215 1963 1392 2004 effecero
1418 1976 1532 2003 eum-

176 2041 255 2080 que
281 2033 504 2075 oratorem,
543 2041 666 2079 quem
691 2026 874 2079 quaeris,
913 2041 1178 2081 expressero,
1210 2024 1371 2065 tardem
1396 2022 1534 2064 studia

178 2087 418 2136 multorum,
457 2088 526 2141 qui
557 2088 847 2143 desperatione
883 2088 1087 2129 debilitati
1119 2086 1296 2142 experiri
1320 2086 1363 2126 id
1387 2085 1531 2134 nolint,

178 2149 289 2202 quod
314 2164 358 2189 se
384 2149 557 2203 adsequi
580 2165 706 2205 posse
731 2150 936 2191 diffidant.
998 2150 1072 2191 sed
1097 2164 1172 2204 par
1197 2157 1262 2190 est
1286 2148 1419 2189 omnis
1445 2163 1533 2189 om·
1556 2165 1573 2188 4

179 2211 247 2251 nia
272 2211 466 2265 experiri,
498 2212 568 2265 qui
591 2227 658 2253 res
683 2228 858 2267 magnas
884 2220 925 2254 et
948 2227 1102 2267 magno
1127 2226 1252 2266 opere
1278 2210 1532 2265 expetendas

180 2272 516 2327 concupiverunt.
577 2274 725 2327 quodsi
762 2289 885 2327 quem
922 2282 993 2315 aut
1030 2272 1197 2328 [natura
1232 2288 1308 2313 sua
1339 2270 1426 2326 aut]
1465 2271 1535 2312 illa

182 2334 428 2389 praestantis
454 2334 611 2390 ingenii
636 2336 698 2376 vis
724 2336 831 2377 forte
857 2336 1020 2377 deficiet
1045 2342 1116 2375 aut
1144 2334 1280 2375 minus
1307 2334 1532 2375 instructus

182 2395 258 2435 erit
281 2410 527 2450 magnarum
552 2397 700 2437 artium
726 2398 969 2453 disciplinis,
995 2404 1134 2438 teneat
1154 2404 1292 2437 tamen
1318 2411 1412 2437 eum
1443 2411 1534 2437 cur-

182 2472 292 2505 sum,
335 2472 458 2510 quem
492 2458 662 2512 poterit:
703 2459 838 2514 prima
873 2460 983 2500 enim
1027 2465 1270 2512 sequentem
1313 2458 1535 2499 honestum

183 2526 246 2559 est
270 2518 313 2559 in
338 2520 530 2560 secundis
564 2520 777 2574 tertiisque
808 2521 1054 2569 consistere3
1086 2535 1183 2560 nam
1212 2520 1255 2560 in
1285 2519 1418 2574 poe‘tis
1451 2535 1534 2561 non

182 2581 369 2621 Homero
395 2580 471 2621 soli
496 2581 611 2621 locus
637 2589 719 2631 est,
750 2589 797 2622 ut
821 2582 872 2623 de
901 2581 1073 2623 Graecis
1099 2581 1262 2635 loquar,
1290 2589 1360 2622 aut
1384 2581 1535 2622 Archi-

182 2642 303 2683 locho
329 2649 399 2682 aut
426 2641 625 2696 Sophocli
650 2650 721 2683 aut
743 2644 945 2692 Pindaro,
979 2643 1053 2684 sed
1077 2642 1224 2684 horum
1249 2643 1315 2683 vel
1341 2644 1533 2684 secundis

182 2704 249 2745 vel
274 2703 398 2744 etiam
421 2704 529 2745 infra
555 2705 778 2755 secundos3
804 2720 881 2747 nec
917 2720 1015 2747 vero
1040 2705 1312 2747 Aristotelem
1336 2705 1378 2746 in
1402 2706 1536 2760 philo·
1559 2723 1575 2748 5
