1859 3069
260 687 308 712 133

257 1553 305 1577 184

261 1966 304 2000 41

257 2015 304 2039 1ῡὸ

259 2359 306 2383 186

333 208 388 249 38
733 216 782 250 M.
808 214 987 250 TULLII
1011 212 1274 248 CICERONIS

335 296 580 353 consularis]
630 295 872 352 praesertim
917 309 1010 334 cum
1046 294 1149 335 hacc
1190 309 1273 336 non
1313 294 1356 336 in
1399 294 1566 337 crimine
1608 295 1681 336 ali-

333 375 434 415 quo,
472 361 583 414 quod
617 360 685 399 ille
721 364 864 413 posset,
898 356 1082 405 infitiari,
1121 357 1195 397 scd
1229 357 1272 398 in
1313 357 1421 398 civili
1460 358 1547 399 iure
1583 372 1680 399 con-

334 423 520 464 sisteret?
556 421 759 473 similique
783 419 826 459 in
849 433 1019 473 genere,
1060 417 1270 472 [inferiore
1301 419 1481 475 ordine,]
1521 420 1555 460 si
1587 421 1678 473 quis

333 485 444 539 apud
467 499 543 524 nos
576 481 773 523 servisset
797 495 848 521 ex
871 481 1026 536 populo
1062 481 1273 522 foederato
1306 496 1478 535 seseque
1508 483 1679 523 liberas-

333 554 396 587 set
438 553 478 586 et
513 552 659 599 postea
694 543 863 584 domum
904 542 1152 591 revenisset,
1203 543 1435 596 quaesitum
1471 552 1533 585 est
1569 545 1680 599 apud

331 607 507 647 maiores
533 614 718 654 nostros,
755 619 855 645 num
878 604 913 646 is
940 605 993 645 ad
1018 619 1115 645 suos
1151 604 1403 659 postliminio
1438 606 1615 646 redisset
1640 615 1680 646 et

334 668 542 709 amisisset
566 667 674 707 hanc
710 666 931 708 civitatem.
991 667 1115 720 quid?
1152 667 1202 707 de
1226 666 1433 716 libertate,
1470 681 1550 720 quo
1575 667 1680 707 iudi-

331 730 438 771 cium
473 728 641 784 gravius
679 743 772 769 esse
801 729 960 769 nullum
995 736 1152 784 potest,
1189 744 1325 770 nonne
1362 744 1414 770 ex
1447 728 1534 770 inre
1571 729 1680 769 civili

328 799 468 847 potest
512 806 606 832 esse
648 791 875 842 contentio,
917 806 1011 832 cum
1048 791 1274 845 quaeritur,
1317 791 1371 841 is,
1415 792 1484 845 qui
1526 792 1680 833 domini

331 854 544 894 voluntate
580 867 729 894 census
768 853 838 903 sit,
879 854 1146 903 continuone,
1190 869 1261 903 an,
1303 853 1374 894 ubi
1415 853 1592 894 lustrum
1629 854 1681 894 sit

332 916 560 965 conditum,
603 915 706 956 liber
743 916 820 956 sit?
857 915 979 969 quid?
1023 916 1133 969 quod
1168 931 1248 956 usu
1283 916 1482 957 memoria
1515 924 1680 971 patrum

331 978 456 1027 venit,
482 986 526 1018 ut
551 977 861 1032 paterfamilias,
888 978 956 1032 qui
982 993 1033 1019 ex
1057 978 1264 1032 Hispania
1281 978 1460 1019 Romam
1483 979 1678 1027 venisset,

331 1054 426 1080 cum
445 1054 616 1080 uxorem
634 1048 934 1095 praegnantem
951 1040 994 1080 in
1011 1040 1225 1095 provincia
1247 1040 1481 1093 reliquisset
1500 1040 1680 1081 Romae-

331 1115 411 1154 que
447 1101 618 1142 alteram
655 1102 843 1142 duxisset
879 1117 1012 1155 neque
1048 1101 1237 1142 nuntium
1271 1102 1397 1156 priori
1437 1101 1678 1151 remisisset,

330 1170 516 1204 mortuus
548 1171 660 1205 esset
689 1163 884 1205 intestato
916 1173 956 1205 et
979 1179 1031 1205 ex
1060 1173 1233 1216 utraque
1269 1164 1377 1204 filius
1408 1171 1529 1204 natus
1555 1173 1678 1213 esset,

329 1225 601 1266 mediocrisne
626 1241 692 1267 res
717 1226 760 1266 in
785 1226 1108 1268 controversiam
1127 1226 1305 1266 adducta
1329 1227 1415 1266 est?
1441 1240 1534 1266 cum
1555 1241 1680 1279 quae-

329 1297 486 1328 reretur
511 1288 561 1328 de
588 1288 749 1329 duobus
786 1288 938 1329 civium
970 1289 1172 1343 capitibus
1205 1295 1243 1328 et
1270 1288 1320 1328 de
1350 1303 1497 1342 puero,
1535 1288 1604 1341 qni
1628 1303 1679 1328 cx

329 1349 556 1403 posteriore
592 1358 714 1390 natus
747 1359 851 1399 erat,
889 1358 930 1391 et
961 1350 1011 1390 de
1043 1350 1130 1390 eius
1161 1358 1310 1399 matre;
1349 1364 1472 1402 quae,
1510 1349 1545 1389 si
1574 1349 1680 1389 iudi-

330 1420 490 1451 caretur
515 1411 636 1452 certis
674 1412 923 1465 quibusdam
958 1412 1113 1460 verbis,
1150 1427 1233 1452 non
1257 1411 1375 1452 novis
1407 1411 1560 1466 nuptiis
1591 1411 1680 1451 fieri

330 1487 422 1513 cum
448 1473 656 1528 superiore
683 1474 916 1521 divortium,
942 1474 985 1514 in
1010 1474 1262 1515 concubinae
1287 1474 1424 1514 locum
1450 1474 1678 1513 duceretur.

330 1535 431 1575 hacc
455 1536 580 1590 igitur
606 1544 646 1577 et
670 1536 818 1578 horum
850 1537 999 1577 similia
1022 1536 1111 1577 iura
1144 1551 1242 1577 suae
1279 1536 1455 1577 civitatis
1487 1536 1679 1591 ignoran-

330 1604 412 1636 tem
449 1605 630 1638 erectum
655 1607 693 1639 et
721 1599 897 1648 celsum,
936 1599 1059 1639 alacri
1085 1606 1125 1639 et
1160 1606 1351 1653 prompto
1383 1613 1452 1639 ore
1479 1612 1525 1638 ac
1550 1598 1678 1647 voltu,

328 1659 409 1700 11110
446 1668 567 1713 atquc
604 1661 700 1701 illuc
737 1662 964 1703 intuentem
1006 1661 1149 1716 vagari
1185 1676 1279 1701 011111
1321 1676 1473 1716 inagna
1515 1668 1680 1702 caterva

329 1730 415 1763 toto
452 1723 561 1772 foro,
598 1724 853 1778 praesidium
889 1725 1107 1766 clientibus
1146 1733 1268 1777 atque
1304 1739 1425 1779 opem
1464 1725 1605 1765 amicis
1639 1732 1679 1764 et

327 1799 457 1839 prope
483 1786 640 1826 cunctis
668 1787 826 1828 civibus
862 1787 995 1828 lucem
1025 1787 1180 1842 ingenii
1206 1797 1246 1827 et.
1271 1787 1430 1827 consilii
1462 1787 1524 1827 sui
1549 1786 1679 1841 porri-

329 1856 497 1900 gentem
522 1856 644 1901 atque
670 1850 910 1890 tendentem
929 1865 1065 1891 nonne
1090 1849 1132 1889 in
1156 1849 1299 1904 primis
1325 1848 1578 1903 flagitiosum
1603 1863 1679 1903 pu-

330 1909 502 1949 tandum
527 1911 621 1951 est?

407 1971 465 2010 Et
502 1972 695 2024 quoniam
732 1973 782 2014 (10
818 1973 1074 2029 impudentia
1116 1972 1217 2022 dixi,
1261 1973 1510 2027 castigemus
1555 1972 1678 2013 etiam

331 2033 548 2088 segnitiem
584 2035 798 2077 hominum
835 2045 956 2089 atquc
998 2035 1206 2084 inertiam3
1249 2051 1347 2076 nam
1384 2036 1418 2077 si
1454 2043 1565 2077 esset
1598 2036 1678 2076 ista

329 2095 509 2149 cognitio
550 2096 649 2138 iuris
691 2113 845 2152 magna
886 2107 1008 2151 atque
1057 2098 1256 2146 difficilis,
1305 2106 1444 2138 tamen
1490 2097 1676 2138 utilitatis

327 2157 569 2211 magnitudo
613 2159 781 2200 deberet
822 2160 1008 2200 homines
1047 2160 1099 2200 ad
1141 2160 1450 2214 suscipiendum
1492 2159 1678 2200 discendi

328 2217 511 2260 laborem
546 2221 776 2276 impellere:
816 2222 907 2271 sed,
945 2237 968 2263 o
995 2221 1035 2261 di
1067 2222 1341 2271 immortales,
1378 2238 1461 2262 non
1498 2222 1677 2261 dicerem

329 2279 424 2329 hoc,
462 2282 654 2324 audiente
682 2282 903 2333 Scaevola,
940 2284 1020 2324 nisi
1050 2284 1139 2338 ipse
1171 2285 1306 2325 dicere
1339 2285 1489 2325 soleret
1524 2283 1675 2323 nullius

331 2343 426 2383 artis
471 2345 699 2386 faciliorem
735 2346 812 2387 sibi
854 2345 1131 2400 cognitionem
1173 2347 1321 2395 videri,
1366 2346 1475 2399 quod
1512 2345 1676 2399 quidem

331 2405 450 2445 certis
483 2406 532 2447 de
565 2408 700 2449 causis
733 2424 757 2449 a
786 2408 992 2463 plerisque
1025 2409 1141 2449 aliter
1172 2409 1446 2457 existimatum
1484 2408 1674 2463 primum,

330 2466 425 2517 quia
450 2476 608 2510 veteres
634 2470 710 2519 illi,
738 2471 807 2523 qui
832 2470 926 2510 huic
953 2470 1146 2511 scientiae
1171 2471 1456 2526 praefuerunt,
1489 2470 1675 2510 obtinen-

331 2527 406 2566 dae
438 2538 558 2582 atque
592 2533 807 2586 augendae
832 2532 1041 2587 potentiae
1068 2548 1165 2574 suae
1198 2548 1323 2573 causa
1353 2531 1585 2587 pervolgari
1611 2546 1674 2570 ar-

331 2596 411 2628 tem
450 2606 566 2632 suam
608 2594 845 2644 noluerunt3
890 2595 1056 2644 deinde,
1099 2603 1370 2649 posteaquam
1407 2602 1468 2635 est
1506 2593 1672 2641 editum,

331 2652 527 2703 expositis
554 2670 578 2694 a
603 2654 682 2696 Cn.
707 2656 853 2697 Flavio
878 2657 1056 2712 primum
1082 2657 1332 2706 actionibus,
1368 2655 1469 2696 nulli
1494 2654 1671 2703 suerunt,

333 2711 401 2764 qui
431 2711 501 2754 illa
531 2716 748 2758 artificiose
774 2718 937 2773 digesta
965 2719 1193 2773 generatim
1229 2724 1536 2773 eomponcrent3
1572 2716 1671 2756 nihil
