1859 3069
523 243 591 278 DE
618 241 857 278 ORATORE
882 243 912 278 1.
941 242 1095 276 15-23.
1459 231 1486 273 5

134 342 234 367 num
268 325 370 367 levis
398 341 463 366 ars
490 334 530 366 et
562 340 687 366 scena
722 324 922 373 declarat3
959 323 1001 364 in
1032 338 1114 377 qua
1143 337 1238 364 011111
1274 337 1418 365 onmes
1443 322 1486 363 in

136 389 217 430 oris
243 396 284 429 et
308 387 421 429 vocis
448 395 489 428 01
513 397 649 428 motus
676 386 958 427 moderatione
984 386 1214 435 elaborent,
1246 386 1336 439 quis
1367 385 1488 441 igno-

134 459 198 491 rat
217 465 338 503 quam
358 449 479 504 pauci
500 449 579 490 sint
599 449 845 502 fuerintque,
867 463 969 501 quos
991 448 1127 489 animo
1148 463 1279 502 aequo
1301 456 1487 502 spectare

135 513 369 567 possimus?
401 512 500 565 quid
533 512 668 552 dicam
698 512 748 552 de
780 511 975 552 thesauro
1000 526 1138 552 rerum
1162 511 1365 560 omnium,
1402 525 1488 551 me-

136 575 289 616 moria?
327 589 431 627 quae
462 574 542 614 nisi
573 581 712 614 custos
745 573 923 614 inventis
956 573 1262 627 conlocatisque
1292 574 1416 614 rebus
1448 579 1489 612 et

137 638 273 679 verbis
301 637 562 685 adhibeatur,
599 635 877 690 intellegimus
904 635 1059 685 onmia,
1097 635 1221 676 etiam
1246 635 1281 676 si
1303 634 1489 690 praecla-

136 700 302 740 rissima
333 699 485 739 fuerint
508 699 551 738 in
576 707 756 747 oratore,
783 698 977 752 peritura.
1011 713 1134 751 quam
1159 699 1211 739 ob
1237 713 1325 738 rem
1348 696 1487 737 mirari

138 763 395 807 desinamus,
434 776 538 814 quae
571 775 697 800 causa
727 760 780 800 sit
811 760 1089 813 eloquentium
1118 760 1358 815 paucitatiS,
1396 774 1490 800 cum

137 839 186 864 ex
213 825 271 864 eis
296 825 419 863 rebus
449 822 654 862 universis
682 822 916 874 eloquentia
947 830 1126 871 constet,
1164 823 1206 862 in
1231 823 1380 876 quibus
1408 822 1492 862 sin-

136 886 245 940 gulis
280 886 490 926 elaborare
527 899 801 938 permagnum
834 892 915 933 est,
952 884 1245 938 hortemurque
1275 885 1412 940 potius
1443 884 1491 924 Ii·-

137 949 255 987 beros
281 954 445 987 nostros
477 955 738 998 ceterosque,
778 959 951 998 quorum
990 946 1122 1000 gloria
1146 947 1265 987 nobis
1292 954 1333 987 et
1358 946 1492 1001 digni-

135 1018 197 1049 tas
225 1023 319 1048 cara
344 1016 424 1057 est,
461 1016 508 1048 ut
539 1007 674 1048 animo
710 1007 770 1048 rei
806 1007 1135 1061 magnitudinem
1167 1009 1492 1063 complectantur

134 1085 267 1123 neque
294 1070 352 1110 eis
379 1086 417 1111 se
443 1077 511 1110 aut
536 1069 770 1125 praeceptis
798 1078 866 1109 aut
892 1069 1103 1124 magistris
1137 1079 1207 1110 aut
1233 1070 1492 1111 exercitatio-

135 1133 269 1181 nibus,
297 1132 445 1185 quibus
471 1140 640 1172 utuntur
660 1148 817 1181 omnes,
845 1132 919 1172 sed
944 1132 1033 1172 aliis
1055 1132 1303 1185 quibusdam
1332 1131 1395 1187 [se
1414 1131 1490 1186 id]‚

136 1195 247 1248 quod
280 1202 496 1249 expetunt,
535 1194 734 1247 consequi
763 1209 888 1249 posse
921 1195 1142 1235 confidant.
1204 1209 1251 1235 ac
1280 1210 1374 1235 mea
1404 1194 1491 1247 qui-

136 1259 230 1299 dem
263 1257 466 1298 sententia
501 1272 622 1297 nemo
653 1257 806 1311 poterit
842 1272 936 1297 esse
968 1257 1079 1297 omni
1105 1257 1226 1298 laude
1258 1257 1491 1297 cumulatus

136 1328 290 1369 orator,
322 1320 402 1360 nisi
427 1320 504 1360 0111
534 1320 718 1360 011111111111
747 1335 885 1360 10111111
915 1335 1162 1375 magnarum
1194 1328 1316 1373 atque
1343 1319 1492 1360 artium

137 1383 353 1424 scientiam
378 1391 646 1423 consecutus:
685 1382 836 1423 etenim
868 1398 920 1422 ex
944 1398 1082 1423 rerum
1115 1383 1348 1437 cognitione
1375 1383 1492 1423 efflo-

135 1453 271 1486 rescat
296 1452 334 1486 et
360 1445 566 1486 redundet
590 1451 751 1500 oportet
777 1444 920 1485 oratio.
980 1443 1103 1499 [quae
1129 1445 1208 1485 nisi
1241 1445 1293 1485 sit
1324 1445 1375 1485 ab
1401 1460 1493 1485 ora-

137 1516 224 1549 tore
256 1516 452 1563 percepta
477 1516 517 1549 et
550 1508 734 1563 cognita,
766 1507 932 1548 inanem
970 1508 1177 1561 quandam
1208 1507 1333 1548 habet
1358 1506 1494 1547 elocu-

137 1571 290 1611 tionem
316 1578 356 1611 et
380 1585 511 1625 paene
542 1569 774 1626 puerilem]
836 1585 970 1623 neque
996 1585 1093 1610 1010
1120 1585 1198 1624 ego
1223 1569 1302 1609 1100
1333 1577 1491 1609 tantum

137 1634 272 1674 oneris
314 1633 525 1688 imponam
567 1633 718 1673 nostris
766 1633 1011 1687 praesertim
1059 1632 1290 1673 oratoribus
1334 1632 1375 1671 in
1416 1632 1495 1671 hac

138 1703 251 1735 tanta
276 1695 545 1750 occupatione
570 1695 683 1735 urbis
711 1709 759 1735 ae
784 1695 905 1743 111110,
932 1695 1033 1734 nihil
1057 1703 1100 1735 ut
1127 1695 1185 1735 eis
1205 1702 1347 1749 putem
1372 1693 1494 1733 licere

137 1758 314 1807 nescire,
356 1773 606 1811 quamquam
637 1757 698 1798 vis
737 1757 910 1798 oratoris
947 1757 1234 1812 professioque
1266 1757 1359 1811 ipsa
1388 1756 1494 1796 bene

138 1820 301 1860 dicendi
336 1820 415 1860 hoe
447 1820 656 1874 suscipere
688 1834 735 1860 ac
765 1819 950 1874 polliceri
986 1819 1192 1868 videatur,
1229 1826 1276 1859 ut
1306 1818 1417 1859 omni
1444 1818 1494 1858 de

136 1897 200 1931 re,
238 1897 522 1936 quaecumque
561 1882 613 1922 sit
637 1882 868 1937 proposita,
907 1891 1050 1923 ornate
1082 1883 1133 1922 ab
1160 1897 1207 1923 eo
1245 1881 1494 1936 copioseque

139 1945 314 1994 dicatur-3
354 1946 428 1985 sed
453 1945 549 1998 quia
573 1960 655 1985 non
682 1945 824 1985 dubito
856 1944 955 1998 quin
980 1944 1059 1985 hoe
1083 1944 1292 1999 plerisque
1322 1943 1495 1983 immen-
1514 1960 1545 1983 22.

141 2021 232 2046 sum
255 2006 541 2060 infinitumque
567 2008 768 2056 videatur,
796 2014 836 2047 01
861 2007 971 2060 quod
994 2007 1178 2047 Graecos
1199 2006 1386 2046 homines
1411 2020 1495 2045 non

141 2068 275 2107 solum
293 2068 461 2122 ingenio
482 2077 521 2109 et
542 2069 741 2117 doctrina,
769 2070 843 2109 sed
868 2069 991 2109 etiam
1017 2069 1099 2109 otio
1127 2069 1346 2120 studioque
1366 2067 1495 2107 abun-

141 2129 275 2169 dantis
306 2131 569 2184 partitionem
601 2131 809 2184 quandam
847 2131 994 2170 artium
1031 2130 1182 2171 fecisse
1213 2130 1334 2170 video
1359 2143 1494 2182 neque

139 2191 181 2230 in
205 2191 398 2233 universo
424 2208 576 2247 genere
603 2193 788 2248 singulos
815 2193 1071 2241 elaborasse,
1106 2192 1179 2232 sed
1206 2191 1445 2246 seposuisse
1472 2206 1496 2231 a

141 2254 286 2294 ceteris
315 2254 562 2295 dictionibus
595 2270 687 2295 eam
711 2262 871 2309 partem
903 2254 1084 2303 dicendi,
1123 2269 1227 2307 quae
1253 2254 1295 2294 in
1320 2253 1495 2294 forensi-

141 2317 217 2370 bus
251 2316 619 2371 disceptationibus
657 2317 901 2357 iudiciorum
927 2325 997 2357 aut
1027 2316 1372 2356 deliberationum
1403 2331 1495 2356 101·-

142 2386 319 2426 saretur,
358 2386 395 2418 01
421 2378 464 2418 id
494 2394 621 2418 unum
652 2377 784 2432 genus
817 2378 967 2419 oratori
997 2377 1233 2431 reliquisse,
1272 2393 1353 2418 non
1386 2392 1496 2417 eom-

140 2442 296 2497 plectar
321 2441 363 2482 in
388 2442 451 2482 his
483 2442 598 2481 libris
631 2441 826 2496 amplius,
865 2455 988 2494 quam
1025 2441 1136 2493 quod
1160 2440 1256 2480 111110
1286 2441 1428 2495 generi
1451 2456 1495 2481 re

142 2504 329 2557 quaesita
354 2512 393 2558 et
418 2504 593 2543 multum
619 2503 828 2558 disputata
849 2518 1104 2543 summorum
1129 2502 1342 2543 hominum
1366 2518 1495 2557 prope

142 2581 347 2607 consensu
379 2576 441 2606 est
472 2566 687 2614 tributum3
724 2573 990 2620 repetamque
1026 2580 1108 2605 non
1147 2565 1198 2604 ab
1236 2565 1494 2604 incunabulis
1515 2582 1529 2606 ε

141 2637 306 2670 nostrae
343 2629 492 2670 veteris
536 2628 788 2683 puerilisque
833 2627 1042 2668 doctrinae
1073 2627 1279 2680 quendam
1310 2627 1497 2668 ordinem

142 2700 475 2746 praeceptorum,
515 2691 589 2731 sed
621 2706 688 2739 ea,
727 2704 831 2743 quae
869 2690 1077 2743 quondam
1103 2689 1243 2744 accepi
1268 2689 1310 2729 in
1334 2697 1496 2730 nostro-

139 2768 232 2794 rum
257 2754 466 2796 hominum
496 2752 928 2807 eloquentissimorum
955 2759 996 2794 01
1020 2752 1131 2794 0111111
1157 2751 1355 2807 dignitate
1380 2751 1492 2807 prin-

1510 713 1540 738 19

1511 1586 1543 1610 21
