<?xml version="1.0" encoding="UTF-8"?>
<!DOCTYPE html PUBLIC "-//W3C//DTD XHTML 1.0 Transitional//EN"
    "http://www.w3.org/TR/xhtml1/DTD/xhtml1-transitional.dtd">
<html xmlns="http://www.w3.org/1999/xhtml" xml:lang="en" lang="en">
 <head>
  <title>
</title>
<meta http-equiv="Content-Type" content="text/html;charset=utf-8" />
  <meta name='ocr-system' content='tesseract 3.04.00' />
  <meta name='ocr-capabilities' content='ocr_page ocr_carea ocr_par ocr_line ocrx_word'/>
</head>
<body>
  <div class='ocr_page' id='page_1' title='image "./operaquaesupers02ciceuoft/operaquaesupers02ciceuoft_0277.png"; bbox 0 0 1859 3069; ppageno 0'>
   <div class='ocr_carea' id='block_1_1' title="bbox 566 237 1455 284">
    <p class='ocr_par' dir='ltr' id='par_1_1' title="bbox 566 237 1455 284">
     <span class='ocr_line' id='line_1_1' title="bbox 566 237 1455 284; baseline -0.003 -3"><span class='ocrx_word' id='word_1_1' title='bbox 566 246 769 284; x_wconf 79' lang='lat' dir='ltr'>BRUTUS</span> <span class='ocrx_word' id='word_1_2' title='bbox 796 248 910 282; x_wconf 80' lang='grc'>198-</span> <span class='ocrx_word' id='word_1_3' title='bbox 920 247 998 282; x_wconf 80' lang='grc'>202.</span> <span class='ocrx_word' id='word_1_4' title='bbox 1375 237 1455 278; x_wconf 72' lang='grc'>241</span> 
     </span>
    </p>
   </div>
   <div class='ocr_carea' id='block_1_2' title="bbox 102 328 1463 2739">
    <p class='ocr_par' dir='ltr' id='par_1_2' title="bbox 102 328 1461 1564">
     <span class='ocr_line' id='line_1_2' title="bbox 104 328 1459 384; baseline -0.001 -14"><span class='ocrx_word' id='word_1_5' title='bbox 104 329 223 379; x_wconf 85' lang='grc'>11111(1,</span> <span class='ocrx_word' id='word_1_6' title='bbox 261 328 373 382; x_wconf 89' lang='lat' dir='ltr'>quod</span> <span class='ocrx_word' id='word_1_7' title='bbox 396 328 549 384; x_wconf 86' lang='lat' dir='ltr'>populo</span> <span class='ocrx_word' id='word_1_8' title='bbox 575 343 658 369; x_wconf 90' lang='lat' dir='ltr'>non</span> <span class='ocrx_word' id='word_1_9' title='bbox 682 329 898 384; x_wconf 88' lang='lat' dir='ltr'>probatur,</span> <span class='ocrx_word' id='word_1_10' title='bbox 935 343 987 370; x_wconf 91' lang='lat' dir='ltr'>ne</span> <span class='ocrx_word' id='word_1_11' title='bbox 1011 328 1268 384; x_wconf 78' lang='lat' dir='ltr'>intellegenti</span> <span class='ocrx_word' id='word_1_12' title='bbox 1293 328 1459 382; x_wconf 87' lang='lat' dir='ltr'>quidem</span> 
     </span>
     <span class='ocr_line' id='line_1_3' title="bbox 106 390 1459 446; baseline -0.001 -14"><span class='ocrx_word' id='word_1_13' title='bbox 106 390 321 446; x_wconf 83' lang='lat' dir='ltr'>[auditori]</span> <span class='ocrx_word' id='word_1_14' title='bbox 352 390 521 446; x_wconf 87' lang='lat' dir='ltr'>probari</span> <span class='ocrx_word' id='word_1_15' title='bbox 551 398 705 445; x_wconf 84' lang='lat' dir='ltr'>potest3</span> <span class='ocrx_word' id='word_1_16' title='bbox 743 398 789 432; x_wconf 83' lang='lat' dir='ltr'>ut</span> <span class='ocrx_word' id='word_1_17' title='bbox 819 390 928 432; x_wconf 88' lang='lat' dir='ltr'>enim</span> <span class='ocrx_word' id='word_1_18' title='bbox 960 406 1011 432; x_wconf 86' lang='lat' dir='ltr'>ex</span> <span class='ocrx_word' id='word_1_19' title='bbox 1035 405 1257 432; x_wconf 83' lang='lat' dir='ltr'>nervorum</span> <span class='ocrx_word' id='word_1_20' title='bbox 1289 406 1390 432; x_wconf 92' lang='lat' dir='ltr'>sono</span> <span class='ocrx_word' id='word_1_21' title='bbox 1416 390 1459 431; x_wconf 87' lang='lat' dir='ltr'>in</span> 
     </span>
     <span class='ocr_line' id='line_1_4' title="bbox 102 452 1458 508; baseline 0.001 -15"><span class='ocrx_word' id='word_1_22' title='bbox 102 453 253 494; x_wconf 89' lang='lat' dir='ltr'>fidibus</span> <span class='ocrx_word' id='word_1_23' title='bbox 279 467 404 507; x_wconf 85' lang='lat' dir='ltr'>quam</span> <span class='ocrx_word' id='word_1_24' title='bbox 430 452 606 494; x_wconf 81' lang='lat' dir='ltr'>scienter</span> <span class='ocrx_word' id='word_1_25' title='bbox 630 452 667 493; x_wconf 90' lang='lat' dir='ltr'>ei</span> <span class='ocrx_word' id='word_1_26' title='bbox 691 453 800 508; x_wconf 88' lang='lat' dir='ltr'>pulsi</span> <span class='ocrx_word' id='word_1_27' title='bbox 827 453 920 503; x_wconf 86' lang='lat' dir='ltr'>sint,</span> <span class='ocrx_word' id='word_1_28' title='bbox 952 452 1138 508; x_wconf 82' lang='lat' dir='ltr'>intellegi</span> <span class='ocrx_word' id='word_1_29' title='bbox 1162 452 1285 502; x_wconf 83' lang='lat' dir='ltr'>solet,</span> <span class='ocrx_word' id='word_1_30' title='bbox 1324 452 1382 494; x_wconf 85' lang='grc'>510</span> <span class='ocrx_word' id='word_1_31' title='bbox 1408 467 1458 494; x_wconf 83' lang='lat' dir='ltr'>ex</span> 
     </span>
     <span class='ocr_line' id='line_1_5' title="bbox 104 514 1460 570; baseline -0.001 -14"><span class='ocrx_word' id='word_1_32' title='bbox 104 515 333 557; x_wconf 88' lang='lat' dir='ltr'>animorum</span> <span class='ocrx_word' id='word_1_33' title='bbox 354 521 470 556; x_wconf 90' lang='lat' dir='ltr'>motu</span> <span class='ocrx_word' id='word_1_34' title='bbox 489 514 680 564; x_wconf 87' lang='lat' dir='ltr'>cernitur,</span> <span class='ocrx_word' id='word_1_35' title='bbox 708 515 807 568; x_wconf 86' lang='lat' dir='ltr'>quid</span> <span class='ocrx_word' id='word_1_36' title='bbox 825 515 1050 556; x_wconf 78' lang='lat' dir='ltr'>tractandis</span> <span class='ocrx_word' id='word_1_37' title='bbox 1076 514 1140 556; x_wconf 92' lang='lat' dir='ltr'>his</span> <span class='ocrx_word' id='word_1_38' title='bbox 1159 514 1345 570; x_wconf 84' lang='lat' dir='ltr'>perficiat</span> <span class='ocrx_word' id='word_1_39' title='bbox 1369 530 1460 556; x_wconf 88' lang='lat' dir='ltr'>ora-</span> 
     </span>
     <span class='ocr_line' id='line_1_6' title="bbox 107 577 1460 632; baseline -0.001 -13"><span class='ocrx_word' id='word_1_40' title='bbox 107 585 182 619; x_wconf 89' lang='lat' dir='ltr'>tor.</span> <span class='ocrx_word' id='word_1_41' title='bbox 242 578 382 631; x_wconf 86' lang='lat' dir='ltr'>itaque</span> <span class='ocrx_word' id='word_1_42' title='bbox 413 585 448 618; x_wconf 71' lang='lat' dir='ltr'>et</span> <span class='ocrx_word' id='word_1_43' title='bbox 478 577 725 632; x_wconf 90' lang='lat' dir='ltr'>intellegens</span> <span class='ocrx_word' id='word_1_44' title='bbox 764 577 927 618; x_wconf 89' lang='lat' dir='ltr'>dicendi</span> <span class='ocrx_word' id='word_1_45' title='bbox 952 577 1228 627; x_wconf 82' lang='lat' dir='ltr'>existimator,</span> <span class='ocrx_word' id='word_1_46' title='bbox 1266 585 1301 619; x_wconf 80' lang='lat' dir='ltr'>et</span> <span class='ocrx_word' id='word_1_47' title='bbox 1331 579 1460 632; x_wconf 74' lang='lat' dir='ltr'>quivis</span> 
     </span>
     <span class='ocr_line' id='line_1_7' title="bbox 106 638 1458 694; baseline 0 -15"><span class='ocrx_word' id='word_1_48' title='bbox 106 656 205 681; x_wconf 78' lang='lat' dir='ltr'>unus</span> <span class='ocrx_word' id='word_1_49' title='bbox 232 642 278 680; x_wconf 73' lang='lat' dir='ltr'>de</span> <span class='ocrx_word' id='word_1_50' title='bbox 296 640 449 694; x_wconf 73' lang='lat' dir='ltr'>populo</span> <span class='ocrx_word' id='word_1_51' title='bbox 476 654 559 680; x_wconf 90' lang='lat' dir='ltr'>non</span> <span class='ocrx_word' id='word_1_52' title='bbox 585 638 780 680; x_wconf 81' lang='lat' dir='ltr'>adsidens</span> <span class='ocrx_word' id='word_1_53' title='bbox 807 646 848 680; x_wconf 88' lang='lat' dir='ltr'>et</span> <span class='ocrx_word' id='word_1_54' title='bbox 871 646 1026 681; x_wconf 83' lang='lat' dir='ltr'>attente</span> <span class='ocrx_word' id='word_1_55' title='bbox 1052 639 1245 689; x_wconf 89' lang='lat' dir='ltr'>audiens,</span> <span class='ocrx_word' id='word_1_56' title='bbox 1278 639 1353 680; x_wconf 90' lang='lat' dir='ltr'>sed</span> <span class='ocrx_word' id='word_1_57' title='bbox 1375 653 1458 680; x_wconf 91' lang='lat' dir='ltr'>uno</span> 
     </span>
     <span class='ocr_line' id='line_1_8' title="bbox 105 701 1460 757; baseline -0.001 -14"><span class='ocrx_word' id='word_1_58' title='bbox 105 709 276 757; x_wconf 83' lang='lat' dir='ltr'>aspectu</span> <span class='ocrx_word' id='word_1_59' title='bbox 312 710 353 743; x_wconf 87' lang='grc'>61</span> <span class='ocrx_word' id='word_1_60' title='bbox 387 701 640 756; x_wconf 87' lang='lat' dir='ltr'>praeteriens</span> <span class='ocrx_word' id='word_1_61' title='bbox 678 701 729 743; x_wconf 87' lang='lat' dir='ltr'>de</span> <span class='ocrx_word' id='word_1_62' title='bbox 766 708 928 743; x_wconf 88' lang='lat' dir='ltr'>oratore</span> <span class='ocrx_word' id='word_1_63' title='bbox 965 716 1089 757; x_wconf 85' lang='lat' dir='ltr'>saepe</span> <span class='ocrx_word' id='word_1_64' title='bbox 1131 701 1303 743; x_wconf 87' lang='lat' dir='ltr'>iudicat:</span> <span class='ocrx_word' id='word_1_65' title='bbox 1347 701 1460 742; x_wconf 69' lang='lat' dir='ltr'>videt</span> 
     </span>
     <span class='ocr_line' id='line_1_9' title="bbox 104 765 1460 818; baseline -0.004 -9"><span class='ocrx_word' id='word_1_66' title='bbox 104 767 349 809; x_wconf 78' lang='lat' dir='ltr'>oscitantem</span> <span class='ocrx_word' id='word_1_67' title='bbox 384 766 580 814; x_wconf 86' lang='lat' dir='ltr'>iudicem,</span> <span class='ocrx_word' id='word_1_68' title='bbox 623 765 862 818; x_wconf 88' lang='lat' dir='ltr'>loquentem</span> <span class='ocrx_word' id='word_1_69' title='bbox 900 779 994 805; x_wconf 89' lang='lat' dir='ltr'>cum</span> <span class='ocrx_word' id='word_1_70' title='bbox 1030 765 1178 815; x_wconf 85' lang='lat' dir='ltr'>altero,</span> <span class='ocrx_word' id='word_1_71' title='bbox 1221 779 1305 806; x_wconf 91' lang='lat' dir='ltr'>non</span> <span class='ocrx_word' id='word_1_72' title='bbox 1339 779 1460 804; x_wconf 87' lang='lat' dir='ltr'>num-</span> 
     </span>
     <span class='ocr_line' id='line_1_10' title="bbox 106 826 1460 883; baseline -0.002 -13"><span class='ocrx_word' id='word_1_73' title='bbox 106 844 230 883; x_wconf 84' lang='lat' dir='ltr'>quam</span> <span class='ocrx_word' id='word_1_74' title='bbox 261 828 384 869; x_wconf 87' lang='lat' dir='ltr'>etiam</span> <span class='ocrx_word' id='word_1_75' title='bbox 415 827 700 875; x_wconf 77' lang='lat' dir='ltr'>circulantem,</span> <span class='ocrx_word' id='word_1_76' title='bbox 731 826 963 868; x_wconf 83' lang='lat' dir='ltr'>mittentem</span> <span class='ocrx_word' id='word_1_77' title='bbox 994 827 1047 867; x_wconf 84' lang='lat' dir='ltr'>ad</span> <span class='ocrx_word' id='word_1_78' title='bbox 1076 826 1219 876; x_wconf 90' lang='lat' dir='ltr'>horas,</span> <span class='ocrx_word' id='word_1_79' title='bbox 1251 826 1460 880; x_wconf 87' lang='lat' dir='ltr'>quaesito-</span> 
     </span>
     <span class='ocr_line' id='line_1_11' title="bbox 104 888 1460 943; baseline -0.001 -12"><span class='ocrx_word' id='word_1_80' title='bbox 104 906 210 940; x_wconf 83' lang='lat' dir='ltr'>rem,</span> <span class='ocrx_word' id='word_1_81' title='bbox 254 889 532 938; x_wconf 38' lang='grc'>111411111111111,</span> <span class='ocrx_word' id='word_1_82' title='bbox 574 895 811 943; x_wconf 78' lang='lat' dir='ltr'>rogantem:</span> <span class='ocrx_word' id='word_1_83' title='bbox 853 888 1057 943; x_wconf 87' lang='lat' dir='ltr'>intellegit</span> <span class='ocrx_word' id='word_1_84' title='bbox 1092 896 1297 929; x_wconf 85' lang='lat' dir='ltr'>oratorem</span> <span class='ocrx_word' id='word_1_85' title='bbox 1331 888 1375 929; x_wconf 87' lang='lat' dir='ltr'>in</span> <span class='ocrx_word' id='word_1_86' title='bbox 1411 903 1460 929; x_wconf 88' lang='lat' dir='ltr'>ca</span> 
     </span>
     <span class='ocr_line' id='line_1_12' title="bbox 104 949 1459 1004; baseline -0.001 -12"><span class='ocrx_word' id='word_1_87' title='bbox 104 967 230 993; x_wconf 81' lang='lat' dir='ltr'>causa</span> <span class='ocrx_word' id='word_1_88' title='bbox 259 967 343 993; x_wconf 91' lang='lat' dir='ltr'>non</span> <span class='ocrx_word' id='word_1_89' title='bbox 374 951 539 1000; x_wconf 81' lang='lat' dir='ltr'>adesse,</span> <span class='ocrx_word' id='word_1_90' title='bbox 576 950 646 1003; x_wconf 86' lang='lat' dir='ltr'>qui</span> <span class='ocrx_word' id='word_1_91' title='bbox 676 949 810 1004; x_wconf 85' lang='lat' dir='ltr'>possit</span> <span class='ocrx_word' id='word_1_92' title='bbox 840 949 987 991; x_wconf 85' lang='lat' dir='ltr'>animis</span> <span class='ocrx_word' id='word_1_93' title='bbox 1023 949 1207 990; x_wconf 89' lang='lat' dir='ltr'>iudicum</span> <span class='ocrx_word' id='word_1_94' title='bbox 1238 950 1459 990; x_wconf 76' lang='lat' dir='ltr'>admovere</span> 
     </span>
     <span class='ocr_line' id='line_1_13' title="bbox 104 1011 1458 1066; baseline -0.001 -11"><span class='ocrx_word' id='word_1_95' title='bbox 104 1014 331 1055; x_wconf 89' lang='lat' dir='ltr'>orationem</span> <span class='ocrx_word' id='word_1_96' title='bbox 357 1020 568 1066; x_wconf 86' lang='lat' dir='ltr'>tamquam</span> <span class='ocrx_word' id='word_1_97' title='bbox 597 1012 749 1053; x_wconf 87' lang='lat' dir='ltr'>fidibus</span> <span class='ocrx_word' id='word_1_98' title='bbox 786 1027 972 1053; x_wconf 90' lang='lat' dir='ltr'>manum:</span> <span class='ocrx_word' id='word_1_99' title='bbox 1009 1011 1121 1053; x_wconf 89' lang='lat' dir='ltr'>idem</span> <span class='ocrx_word' id='word_1_100' title='bbox 1146 1011 1180 1052; x_wconf 93' lang='lat' dir='ltr'>si</span> <span class='ocrx_word' id='word_1_101' title='bbox 1204 1012 1458 1066; x_wconf 83' lang='lat' dir='ltr'>praeteriens</span> 
     </span>
     <span class='ocr_line' id='line_1_14' title="bbox 104 1073 1458 1130; baseline -0.001 -14"><span class='ocrx_word' id='word_1_102' title='bbox 104 1075 311 1130; x_wconf 78' lang='lat' dir='ltr'>aspexerit</span> <span class='ocrx_word' id='word_1_103' title='bbox 342 1083 500 1116; x_wconf 88' lang='lat' dir='ltr'>erectos</span> <span class='ocrx_word' id='word_1_104' title='bbox 538 1074 734 1115; x_wconf 87' lang='lat' dir='ltr'>intuentis</span> <span class='ocrx_word' id='word_1_105' title='bbox 772 1074 950 1123; x_wconf 87' lang='lat' dir='ltr'>iudices,</span> <span class='ocrx_word' id='word_1_106' title='bbox 986 1081 1033 1115; x_wconf 87' lang='lat' dir='ltr'>ut</span> <span class='ocrx_word' id='word_1_107' title='bbox 1063 1080 1133 1115; x_wconf 81' lang='lat' dir='ltr'>aut</span> <span class='ocrx_word' id='word_1_108' title='bbox 1163 1073 1300 1115; x_wconf 88' lang='lat' dir='ltr'>doceri</span> <span class='ocrx_word' id='word_1_109' title='bbox 1333 1073 1383 1114; x_wconf 91' lang='lat' dir='ltr'>de</span> <span class='ocrx_word' id='word_1_110' title='bbox 1414 1088 1458 1114; x_wconf 87' lang='lat' dir='ltr'>re</span> 
     </span>
     <span class='ocr_line' id='line_1_15' title="bbox 102 1136 1460 1191; baseline -0.001 -13"><span class='ocrx_word' id='word_1_111' title='bbox 102 1138 225 1191; x_wconf 90' lang='lat' dir='ltr'>idque</span> <span class='ocrx_word' id='word_1_112' title='bbox 251 1137 374 1179; x_wconf 85' lang='lat' dir='ltr'>ctiam</span> <span class='ocrx_word' id='word_1_113' title='bbox 400 1137 514 1178; x_wconf 71' lang='lat' dir='ltr'>voltu</span> <span class='ocrx_word' id='word_1_114' title='bbox 537 1137 714 1191; x_wconf 89' lang='lat' dir='ltr'>probare</span> <span class='ocrx_word' id='word_1_115' title='bbox 746 1136 983 1186; x_wconf 75' lang='lat' dir='ltr'>videantur,</span> <span class='ocrx_word' id='word_1_116' title='bbox 1021 1143 1092 1177; x_wconf 93' lang='lat' dir='ltr'>aut</span> <span class='ocrx_word' id='word_1_117' title='bbox 1114 1143 1161 1176; x_wconf 86' lang='lat' dir='ltr'>ut</span> <span class='ocrx_word' id='word_1_118' title='bbox 1191 1150 1311 1177; x_wconf 72' lang='lat' dir='ltr'>avem</span> <span class='ocrx_word' id='word_1_119' title='bbox 1336 1143 1460 1176; x_wconf 87' lang='lat' dir='ltr'>cantu</span> 
     </span>
     <span class='ocr_line' id='line_1_16' title="bbox 105 1198 1460 1253; baseline -0.001 -13"><span class='ocrx_word' id='word_1_120' title='bbox 105 1200 259 1253; x_wconf 83' lang='lat' dir='ltr'>aliquo,</span> <span class='ocrx_word' id='word_1_121' title='bbox 298 1199 358 1240; x_wconf 87' lang='lat' dir='ltr'>sic</span> <span class='ocrx_word' id='word_1_122' title='bbox 387 1199 480 1240; x_wconf 90' lang='lat' dir='ltr'>illos</span> <span class='ocrx_word' id='word_1_123' title='bbox 511 1198 660 1239; x_wconf 79' lang='lat' dir='ltr'>viderit</span> <span class='ocrx_word' id='word_1_124' title='bbox 696 1198 881 1240; x_wconf 90' lang='lat' dir='ltr'>oratione</span> <span class='ocrx_word' id='word_1_125' title='bbox 912 1198 1031 1252; x_wconf 86' lang='lat' dir='ltr'>quasi</span> <span class='ocrx_word' id='word_1_126' title='bbox 1069 1213 1295 1253; x_wconf 89' lang='lat' dir='ltr'>suspensos</span> <span class='ocrx_word' id='word_1_127' title='bbox 1329 1198 1460 1239; x_wconf 89' lang='lat' dir='ltr'>teneri</span> 
     </span>
     <span class='ocr_line' id='line_1_17' title="bbox 105 1259 1460 1316; baseline -0.001 -15"><span class='ocrx_word' id='word_1_128' title='bbox 105 1269 194 1311; x_wconf 87' lang='lat' dir='ltr'>aut,</span> <span class='ocrx_word' id='word_1_129' title='bbox 226 1261 269 1301; x_wconf 88' lang='lat' dir='ltr'>id</span> <span class='ocrx_word' id='word_1_130' title='bbox 293 1261 404 1314; x_wconf 90' lang='lat' dir='ltr'>quod</span> <span class='ocrx_word' id='word_1_131' title='bbox 428 1260 607 1301; x_wconf 77' lang='lat' dir='ltr'>maxime</span> <span class='ocrx_word' id='word_1_132' title='bbox 633 1275 738 1316; x_wconf 89' lang='lat' dir='ltr'>opus</span> <span class='ocrx_word' id='word_1_133' title='bbox 764 1268 845 1310; x_wconf 89' lang='lat' dir='ltr'>est,</span> <span class='ocrx_word' id='word_1_134' title='bbox 877 1260 1180 1310; x_wconf 84' lang='lat' dir='ltr'>misericordia,</span> <span class='ocrx_word' id='word_1_135' title='bbox 1206 1259 1319 1310; x_wconf 89' lang='lat' dir='ltr'>odio,</span> <span class='ocrx_word' id='word_1_136' title='bbox 1344 1268 1460 1301; x_wconf 86' lang='lat' dir='ltr'>motu</span> 
     </span>
     <span class='ocr_line' id='line_1_18' title="bbox 105 1322 1460 1377; baseline 0 -15"><span class='ocrx_word' id='word_1_137' title='bbox 105 1322 230 1363; x_wconf 83' lang='lat' dir='ltr'>animi</span> <span class='ocrx_word' id='word_1_138' title='bbox 250 1322 385 1375; x_wconf 88' lang='lat' dir='ltr'>aliquo</span> <span class='ocrx_word' id='word_1_139' title='bbox 410 1323 671 1377; x_wconf 87' lang='lat' dir='ltr'>perturbatos</span> <span class='ocrx_word' id='word_1_140' title='bbox 698 1337 790 1363; x_wconf 90' lang='lat' dir='ltr'>esse</span> <span class='ocrx_word' id='word_1_141' title='bbox 815 1322 1121 1363; x_wconf 79' lang='lat' dir='ltr'>vehementius:</span> <span class='ocrx_word' id='word_1_142' title='bbox 1149 1337 1198 1363; x_wconf 88' lang='lat' dir='ltr'>ea</span> <span class='ocrx_word' id='word_1_143' title='bbox 1223 1322 1258 1362; x_wconf 89' lang='lat' dir='ltr'>si</span> <span class='ocrx_word' id='word_1_144' title='bbox 1276 1329 1460 1376; x_wconf 87' lang='lat' dir='ltr'>praetcr-</span> 
     </span>
     <span class='ocr_line' id='line_1_19' title="bbox 104 1384 1460 1439; baseline -0.001 -13"><span class='ocrx_word' id='word_1_145' title='bbox 104 1386 212 1435; x_wconf 85' lang='lat' dir='ltr'>iens,</span> <span class='ocrx_word' id='word_1_146' title='bbox 243 1395 289 1425; x_wconf 86' lang='lat' dir='ltr'>ut</span> <span class='ocrx_word' id='word_1_147' title='bbox 320 1384 422 1434; x_wconf 78' lang='lat' dir='ltr'>dixi,</span> <span class='ocrx_word' id='word_1_148' title='bbox 455 1384 681 1439; x_wconf 76' lang='lat' dir='ltr'>aspexerit,</span> <span class='ocrx_word' id='word_1_149' title='bbox 715 1384 750 1425; x_wconf 90' lang='lat' dir='ltr'>si</span> <span class='ocrx_word' id='word_1_150' title='bbox 779 1384 882 1425; x_wconf 89' lang='lat' dir='ltr'>nihil</span> <span class='ocrx_word' id='word_1_151' title='bbox 907 1384 1128 1434; x_wconf 83' lang='lat' dir='ltr'>audiverit,</span> <span class='ocrx_word' id='word_1_152' title='bbox 1160 1391 1299 1425; x_wconf 87' lang='lat' dir='ltr'>tamen</span> <span class='ocrx_word' id='word_1_153' title='bbox 1324 1391 1460 1425; x_wconf 89' lang='lat' dir='ltr'>orato-</span> 
     </span>
     <span class='ocr_line' id='line_1_20' title="bbox 103 1445 1461 1501; baseline -0.001 -13"><span class='ocrx_word' id='word_1_154' title='bbox 103 1463 190 1488; x_wconf 85' lang='lat' dir='ltr'>rem</span> <span class='ocrx_word' id='word_1_155' title='bbox 216 1447 373 1487; x_wconf 66' lang='lat' dir='ltr'>versari</span> <span class='ocrx_word' id='word_1_156' title='bbox 396 1446 438 1487; x_wconf 90' lang='lat' dir='ltr'>in</span> <span class='ocrx_word' id='word_1_157' title='bbox 462 1446 531 1487; x_wconf 89' lang='lat' dir='ltr'>illo</span> <span class='ocrx_word' id='word_1_158' title='bbox 550 1446 700 1488; x_wconf 87' lang='lat' dir='ltr'>indicio</span> <span class='ocrx_word' id='word_1_159' title='bbox 727 1453 768 1487; x_wconf 87' lang='grc'>61</span> <span class='ocrx_word' id='word_1_160' title='bbox 792 1461 896 1501; x_wconf 92' lang='lat' dir='ltr'>opus</span> <span class='ocrx_word' id='word_1_161' title='bbox 917 1445 1141 1488; x_wconf 85' lang='lat' dir='ltr'>oratorium</span> <span class='ocrx_word' id='word_1_162' title='bbox 1159 1445 1249 1487; x_wconf 87' lang='lat' dir='ltr'>ficri</span> <span class='ocrx_word' id='word_1_163' title='bbox 1273 1453 1343 1486; x_wconf 88' lang='lat' dir='ltr'>aut</span> <span class='ocrx_word' id='word_1_164' title='bbox 1366 1460 1461 1501; x_wconf 87' lang='lat' dir='ltr'>per-</span> 
     </span>
     <span class='ocr_line' id='line_1_21' title="bbox 106 1509 948 1564; baseline -0.001 -14"><span class='ocrx_word' id='word_1_165' title='bbox 106 1510 261 1551; x_wconf 84' lang='lat' dir='ltr'>fectum</span> <span class='ocrx_word' id='word_1_166' title='bbox 285 1510 367 1550; x_wconf 87' lang='lat' dir='ltr'>iam</span> <span class='ocrx_word' id='word_1_167' title='bbox 394 1524 486 1550; x_wconf 88' lang='lat' dir='ltr'>csse</span> <span class='ocrx_word' id='word_1_168' title='bbox 510 1509 698 1564; x_wconf 87' lang='lat' dir='ltr'>profecto</span> <span class='ocrx_word' id='word_1_169' title='bbox 722 1509 948 1564; x_wconf 87' lang='lat' dir='ltr'>intelleget.</span> 
     </span>
    </p>

    <p class='ocr_par' dir='ltr' id='par_1_3' title="bbox 104 1570 1463 2739">
     <span class='ocr_line' id='line_1_22' title="bbox 185 1570 1458 1625; baseline -0.001 -14"><span class='ocrx_word' id='word_1_170' title='bbox 185 1570 295 1612; x_wconf 88' lang='lat' dir='ltr'>Cum</span> <span class='ocrx_word' id='word_1_171' title='bbox 319 1571 423 1612; x_wconf 87' lang='lat' dir='ltr'>haec</span> <span class='ocrx_word' id='word_1_172' title='bbox 448 1571 751 1621; x_wconf 87' lang='lat' dir='ltr'>disseruissem,</span> <span class='ocrx_word' id='word_1_173' title='bbox 777 1578 950 1625; x_wconf 88' lang='lat' dir='ltr'>uterquc</span> <span class='ocrx_word' id='word_1_174' title='bbox 977 1571 1179 1612; x_wconf 85' lang='lat' dir='ltr'>adsensus</span> <span class='ocrx_word' id='word_1_175' title='bbox 1206 1576 1287 1620; x_wconf 83' lang='lat' dir='ltr'>est3</span> <span class='ocrx_word' id='word_1_176' title='bbox 1314 1576 1356 1610; x_wconf 88' lang='lat' dir='ltr'>ct</span> <span class='ocrx_word' id='word_1_177' title='bbox 1380 1584 1458 1624; x_wconf 88' lang='lat' dir='ltr'>ego</span> 
     </span>
     <span class='ocr_line' id='line_1_23' title="bbox 107 1632 1462 1687; baseline -0.001 -15"><span class='ocrx_word' id='word_1_178' title='bbox 107 1645 317 1686; x_wconf 85' lang='lat' dir='ltr'>tamquam</span> <span class='ocrx_word' id='word_1_179' title='bbox 343 1633 393 1674; x_wconf 89' lang='lat' dir='ltr'>dc</span> <span class='ocrx_word' id='word_1_180' title='bbox 417 1632 579 1687; x_wconf 86' lang='lat' dir='ltr'>integro</span> <span class='ocrx_word' id='word_1_181' title='bbox 604 1633 769 1674; x_wconf 86' lang='lat' dir='ltr'>ordiens</span> <span class='ocrx_word' id='word_1_182' title='bbox 808 1632 993 1685; x_wconf 88' lang='lat' dir='ltr'>‘quando</span> <span class='ocrx_word' id='word_1_183' title='bbox 1030 1632 1172 1686; x_wconf 84' lang='lat' dir='ltr'>igitur’</span> <span class='ocrx_word' id='word_1_184' title='bbox 1210 1632 1381 1684; x_wconf 88' lang='lat' dir='ltr'>inquam</span> <span class='ocrx_word' id='word_1_185' title='bbox 1418 1635 1462 1672; x_wconf 86' lang='lat' dir='ltr'>‘a</span> 
     </span>
     <span class='ocr_line' id='line_1_24' title="bbox 107 1693 1461 1750; baseline -0.001 -15"><span class='ocrx_word' id='word_1_186' title='bbox 107 1694 232 1735; x_wconf 82' lang='lat' dir='ltr'>Cotta</span> <span class='ocrx_word' id='word_1_187' title='bbox 257 1702 297 1735; x_wconf 90' lang='lat' dir='ltr'>ct</span> <span class='ocrx_word' id='word_1_188' title='bbox 323 1693 507 1750; x_wconf 83' lang='lat' dir='ltr'>Sulpicio</span> <span class='ocrx_word' id='word_1_189' title='bbox 533 1695 636 1736; x_wconf 85' lang='lat' dir='ltr'>haec</span> <span class='ocrx_word' id='word_1_190' title='bbox 668 1694 801 1736; x_wconf 87' lang='lat' dir='ltr'>omnis</span> <span class='ocrx_word' id='word_1_191' title='bbox 830 1694 947 1735; x_wconf 79' lang='lat' dir='ltr'>fluxit</span> <span class='ocrx_word' id='word_1_192' title='bbox 971 1694 1120 1743; x_wconf 88' lang='lat' dir='ltr'>oratio,</span> <span class='ocrx_word' id='word_1_193' title='bbox 1153 1708 1247 1734; x_wconf 87' lang='lat' dir='ltr'>cum</span> <span class='ocrx_word' id='word_1_194' title='bbox 1271 1693 1348 1734; x_wconf 89' lang='lat' dir='ltr'>hos</span> <span class='ocrx_word' id='word_1_195' title='bbox 1373 1708 1461 1734; x_wconf 87' lang='lat' dir='ltr'>ma-</span> 
     </span>
     <span class='ocr_line' id='line_1_25' title="bbox 104 1755 1460 1798; baseline -0.001 -2"><span class='ocrx_word' id='word_1_196' title='bbox 104 1756 214 1797; x_wconf 73' lang='lat' dir='ltr'>xime</span> <span class='ocrx_word' id='word_1_197' title='bbox 245 1756 396 1797; x_wconf 86' lang='lat' dir='ltr'>iudicio</span> <span class='ocrx_word' id='word_1_198' title='bbox 427 1756 591 1797; x_wconf 89' lang='lat' dir='ltr'>illorum</span> <span class='ocrx_word' id='word_1_199' title='bbox 626 1756 842 1798; x_wconf 91' lang='lat' dir='ltr'>hominum</span> <span class='ocrx_word' id='word_1_200' title='bbox 872 1764 913 1798; x_wconf 88' lang='lat' dir='ltr'>et</span> <span class='ocrx_word' id='word_1_201' title='bbox 942 1756 1051 1797; x_wconf 88' lang='lat' dir='ltr'>illius</span> <span class='ocrx_word' id='word_1_202' title='bbox 1082 1755 1228 1797; x_wconf 88' lang='lat' dir='ltr'>aetatis</span> <span class='ocrx_word' id='word_1_203' title='bbox 1261 1755 1460 1797; x_wconf 81' lang='lat' dir='ltr'>dixissem</span> 
     </span>
     <span class='ocr_line' id='line_1_26' title="bbox 105 1817 1461 1874; baseline -0.001 -15"><span class='ocrx_word' id='word_1_204' title='bbox 105 1819 320 1873; x_wconf 86' lang='lat' dir='ltr'>probatos,</span> <span class='ocrx_word' id='word_1_205' title='bbox 357 1825 541 1859; x_wconf 75' lang='lat' dir='ltr'>revertar</span> <span class='ocrx_word' id='word_1_206' title='bbox 567 1818 619 1859; x_wconf 87' lang='lat' dir='ltr'>ad</span> <span class='ocrx_word' id='word_1_207' title='bbox 644 1833 715 1860; x_wconf 90' lang='lat' dir='ltr'>eos</span> <span class='ocrx_word' id='word_1_208' title='bbox 747 1818 881 1874; x_wconf 85' lang='lat' dir='ltr'>ipsos3</span> <span class='ocrx_word' id='word_1_209' title='bbox 920 1825 1008 1859; x_wconf 88' lang='lat' dir='ltr'>tum</span> <span class='ocrx_word' id='word_1_210' title='bbox 1037 1818 1238 1871; x_wconf 84' lang='lat' dir='ltr'>reliquos,</span> <span class='ocrx_word' id='word_1_211' title='bbox 1274 1817 1461 1858; x_wconf 80' lang='grc'>111111511-</span> 
     </span>
     <span class='ocr_line' id='line_1_27' title="bbox 106 1879 1460 1935; baseline -0.001 -15"><span class='ocrx_word' id='word_1_212' title='bbox 106 1879 182 1929; x_wconf 86' lang='lat' dir='ltr'>tui,</span> <span class='ocrx_word' id='word_1_213' title='bbox 221 1879 416 1935; x_wconf 84' lang='lat' dir='ltr'>deinceps</span> <span class='ocrx_word' id='word_1_214' title='bbox 442 1895 681 1935; x_wconf 84' lang='lat' dir='ltr'>persequar.</span> <span class='ocrx_word' id='word_1_215' title='bbox 742 1880 938 1934; x_wconf 86' lang='lat' dir='ltr'>quoniam</span> <span class='ocrx_word' id='word_1_216' title='bbox 963 1895 1063 1935; x_wconf 90' lang='lat' dir='ltr'>ergo</span> <span class='ocrx_word' id='word_1_217' title='bbox 1095 1887 1305 1921; x_wconf 88' lang='lat' dir='ltr'>oratorum</span> <span class='ocrx_word' id='word_1_218' title='bbox 1330 1879 1460 1920; x_wconf 91' lang='lat' dir='ltr'>bono-</span> 
     </span>
     <span class='ocr_line' id='line_1_28' title="bbox 105 1941 1461 1997; baseline -0.001 -17"><span class='ocrx_word' id='word_1_219' title='bbox 105 1956 196 1981; x_wconf 89' lang='lat' dir='ltr'>rum</span> <span class='ocrx_word' id='word_1_220' title='bbox 220 1965 276 1970; x_wconf 71' lang='lat'>——</span> <span class='ocrx_word' id='word_1_221' title='bbox 299 1941 375 1983; x_wconf 91' lang='lat' dir='ltr'>hos</span> <span class='ocrx_word' id='word_1_222' title='bbox 408 1942 516 1983; x_wconf 88' lang='lat' dir='ltr'>enim</span> <span class='ocrx_word' id='word_1_223' title='bbox 547 1942 782 1996; x_wconf 87' lang='lat' dir='ltr'>quaerimus</span> <span class='ocrx_word' id='word_1_224' title='bbox 807 1967 863 1971; x_wconf 79' lang='lat'>——-</span> <span class='ocrx_word' id='word_1_225' title='bbox 889 1942 970 1983; x_wconf 90' lang='lat' dir='ltr'>duo</span> <span class='ocrx_word' id='word_1_226' title='bbox 996 1956 1151 1997; x_wconf 83' lang='lat' dir='ltr'>genera</span> <span class='ocrx_word' id='word_1_227' title='bbox 1182 1949 1295 1990; x_wconf 84' lang='grc'>511111,</span> <span class='ocrx_word' id='word_1_228' title='bbox 1332 1955 1461 1980; x_wconf 87' lang='lat' dir='ltr'>unum</span> 
     </span>
     <span class='ocr_line' id='line_1_29' title="bbox 109 2002 1462 2058; baseline 0 -16"><span class='ocrx_word' id='word_1_229' title='bbox 109 2010 316 2044; x_wconf 85' lang='lat' dir='ltr'>attenuate</span> <span class='ocrx_word' id='word_1_230' title='bbox 352 2018 597 2058; x_wconf 87' lang='lat' dir='ltr'>presseque,</span> <span class='ocrx_word' id='word_1_231' title='bbox 641 2004 817 2046; x_wconf 89' lang='lat' dir='ltr'>alterum</span> <span class='ocrx_word' id='word_1_232' title='bbox 854 2004 1015 2046; x_wconf 88' lang='lat' dir='ltr'>sublate</span> <span class='ocrx_word' id='word_1_233' title='bbox 1060 2003 1277 2058; x_wconf 84' lang='lat' dir='ltr'>ampleque</span> <span class='ocrx_word' id='word_1_234' title='bbox 1321 2002 1462 2043; x_wconf 89' lang='lat' dir='ltr'>dicen-</span> 
     </span>
     <span class='ocr_line' id='line_1_30' title="bbox 109 2064 1461 2122; baseline 0.001 -19"><span class='ocrx_word' id='word_1_235' title='bbox 109 2064 228 2104; x_wconf 87' lang='lat' dir='ltr'>tium:</span> <span class='ocrx_word' id='word_1_236' title='bbox 266 2064 343 2105; x_wconf 90' lang='lat' dir='ltr'>etsi</span> <span class='ocrx_word' id='word_1_237' title='bbox 366 2065 409 2105; x_wconf 90' lang='lat' dir='ltr'>id</span> <span class='ocrx_word' id='word_1_238' title='bbox 432 2066 579 2107; x_wconf 90' lang='lat' dir='ltr'>melius</span> <span class='ocrx_word' id='word_1_239' title='bbox 606 2073 682 2116; x_wconf 90' lang='lat' dir='ltr'>est,</span> <span class='ocrx_word' id='word_1_240' title='bbox 709 2067 820 2120; x_wconf 90' lang='lat' dir='ltr'>quod</span> <span class='ocrx_word' id='word_1_241' title='bbox 846 2066 1102 2122; x_wconf 84' lang='lat' dir='ltr'>splendidius</span> <span class='ocrx_word' id='word_1_242' title='bbox 1128 2072 1170 2106; x_wconf 84' lang='lat' dir='ltr'>et</span> <span class='ocrx_word' id='word_1_243' title='bbox 1192 2064 1461 2119; x_wconf 84' lang='lat' dir='ltr'>magnificen-</span> 
     </span>
     <span class='ocr_line' id='line_1_31' title="bbox 110 2125 1461 2182; baseline 0.001 -17"><span class='ocrx_word' id='word_1_244' title='bbox 110 2125 209 2173; x_wconf 82' lang='lat' dir='ltr'>tius,</span> <span class='ocrx_word' id='word_1_245' title='bbox 236 2134 373 2166; x_wconf 86' lang='lat' dir='ltr'>tamen</span> <span class='ocrx_word' id='word_1_246' title='bbox 397 2127 440 2167; x_wconf 91' lang='lat' dir='ltr'>in</span> <span class='ocrx_word' id='word_1_247' title='bbox 462 2127 582 2169; x_wconf 90' lang='lat' dir='ltr'>bonis</span> <span class='ocrx_word' id='word_1_248' title='bbox 609 2128 764 2178; x_wconf 84' lang='lat' dir='ltr'>omnia,</span> <span class='ocrx_word' id='word_1_249' title='bbox 797 2144 901 2182; x_wconf 88' lang='lat' dir='ltr'>quae</span> <span class='ocrx_word' id='word_1_250' title='bbox 929 2143 1091 2170; x_wconf 84' lang='lat' dir='ltr'>summa</span> <span class='ocrx_word' id='word_1_251' title='bbox 1116 2134 1229 2176; x_wconf 86' lang='lat' dir='ltr'>sunt,</span> <span class='ocrx_word' id='word_1_252' title='bbox 1260 2127 1348 2167; x_wconf 88' lang='lat' dir='ltr'>iure</span> <span class='ocrx_word' id='word_1_253' title='bbox 1372 2126 1461 2167; x_wconf 86' lang='lat' dir='ltr'>lau-</span> 
     </span>
     <span class='ocr_line' id='line_1_32' title="bbox 110 2187 1460 2245; baseline 0.002 -18"><span class='ocrx_word' id='word_1_254' title='bbox 110 2187 275 2237; x_wconf 84' lang='lat' dir='ltr'>dantur3</span> <span class='ocrx_word' id='word_1_255' title='bbox 319 2188 393 2229; x_wconf 88' lang='lat' dir='ltr'>sed</span> <span class='ocrx_word' id='word_1_256' title='bbox 434 2190 619 2231; x_wconf 77' lang='lat' dir='ltr'>cavenda</span> <span class='ocrx_word' id='word_1_257' title='bbox 655 2197 718 2231; x_wconf 88' lang='lat' dir='ltr'>est</span> <span class='ocrx_word' id='word_1_258' title='bbox 759 2206 905 2245; x_wconf 87' lang='lat' dir='ltr'>presso</span> <span class='ocrx_word' id='word_1_259' title='bbox 942 2190 1001 2231; x_wconf 91' lang='lat' dir='ltr'>illi</span> <span class='ocrx_word' id='word_1_260' title='bbox 1043 2189 1195 2232; x_wconf 87' lang='lat' dir='ltr'>oratori</span> <span class='ocrx_word' id='word_1_261' title='bbox 1237 2188 1376 2244; x_wconf 90' lang='lat' dir='ltr'>inopia</span> <span class='ocrx_word' id='word_1_262' title='bbox 1419 2197 1460 2230; x_wconf 90' lang='lat' dir='ltr'>et</span> 
     </span>
     <span class='ocr_line' id='line_1_33' title="bbox 109 2249 1458 2306; baseline 0.002 -17"><span class='ocrx_word' id='word_1_263' title='bbox 109 2249 319 2299; x_wconf 86' lang='lat' dir='ltr'>ieiunitas,</span> <span class='ocrx_word' id='word_1_264' title='bbox 356 2251 492 2305; x_wconf 84' lang='lat' dir='ltr'>amplo</span> <span class='ocrx_word' id='word_1_265' title='bbox 529 2259 666 2293; x_wconf 88' lang='lat' dir='ltr'>autem</span> <span class='ocrx_word' id='word_1_266' title='bbox 700 2252 888 2294; x_wconf 88' lang='lat' dir='ltr'>inflatum</span> <span class='ocrx_word' id='word_1_267' title='bbox 918 2260 958 2293; x_wconf 90' lang='lat' dir='ltr'>et</span> <span class='ocrx_word' id='word_1_268' title='bbox 989 2259 1227 2306; x_wconf 86' lang='lat' dir='ltr'>corruptum</span> <span class='ocrx_word' id='word_1_269' title='bbox 1263 2251 1458 2293; x_wconf 87' lang='lat' dir='ltr'>orationis</span> 
     </span>
     <span class='ocr_line' id='line_1_34' title="bbox 110 2310 1462 2367; baseline 0.002 -17"><span class='ocrx_word' id='word_1_270' title='bbox 110 2326 255 2365; x_wconf 83' lang='lat' dir='ltr'>genus.</span> <span class='ocrx_word' id='word_1_271' title='bbox 315 2310 551 2353; x_wconf 74' lang='lat' dir='ltr'>inveniebat</span> <span class='ocrx_word' id='word_1_272' title='bbox 586 2313 711 2367; x_wconf 82' lang='lat' dir='ltr'>igitur</span> <span class='ocrx_word' id='word_1_273' title='bbox 748 2321 867 2355; x_wconf 89' lang='lat' dir='ltr'>acute</span> <span class='ocrx_word' id='word_1_274' title='bbox 899 2312 1043 2363; x_wconf 78' lang='lat' dir='ltr'>Cotta,</span> <span class='ocrx_word' id='word_1_275' title='bbox 1082 2313 1245 2353; x_wconf 82' lang='lat' dir='ltr'>dicebat</span> <span class='ocrx_word' id='word_1_276' title='bbox 1274 2327 1377 2367; x_wconf 87' lang='lat' dir='ltr'>pure</span> <span class='ocrx_word' id='word_1_277' title='bbox 1414 2327 1462 2353; x_wconf 83' lang='lat' dir='ltr'>ae</span> 
     </span>
     <span class='ocr_line' id='line_1_35' title="bbox 112 2373 1461 2429; baseline 0.001 -16"><span class='ocrx_word' id='word_1_278' title='bbox 112 2373 263 2422; x_wconf 85' lang='lat' dir='ltr'>solnte;</span> <span class='ocrx_word' id='word_1_279' title='bbox 309 2380 350 2413; x_wconf 83' lang='lat' dir='ltr'>ct</span> <span class='ocrx_word' id='word_1_280' title='bbox 384 2375 430 2414; x_wconf 79' lang='lat' dir='ltr'>ut&#39;</span> <span class='ocrx_word' id='word_1_281' title='bbox 465 2374 518 2415; x_wconf 85' lang='lat' dir='ltr'>ad</span> <span class='ocrx_word' id='word_1_282' title='bbox 551 2374 830 2417; x_wconf 86' lang='lat' dir='ltr'>infirmitatem</span> <span class='ocrx_word' id='word_1_283' title='bbox 865 2376 1041 2417; x_wconf 87' lang='lat' dir='ltr'>laterum</span> <span class='ocrx_word' id='word_1_284' title='bbox 1076 2374 1329 2429; x_wconf 85' lang='lat' dir='ltr'>perscienter</span> <span class='ocrx_word' id='word_1_285' title='bbox 1366 2389 1461 2416; x_wconf 90' lang='lat' dir='ltr'>con-</span> 
     </span>
     <span class='ocr_line' id='line_1_36' title="bbox 112 2434 1463 2487; baseline 0.002 -13"><span class='ocrx_word' id='word_1_286' title='bbox 112 2434 336 2475; x_wconf 88' lang='lat' dir='ltr'>tentionem</span> <span class='ocrx_word' id='word_1_287' title='bbox 372 2450 536 2476; x_wconf 89' lang='lat' dir='ltr'>omnem</span> <span class='ocrx_word' id='word_1_288' title='bbox 571 2437 804 2487; x_wconf 88' lang='lat' dir='ltr'>remiserat,</span> <span class='ocrx_word' id='word_1_289' title='bbox 842 2437 901 2478; x_wconf 89' lang='lat' dir='ltr'>sic</span> <span class='ocrx_word' id='word_1_290' title='bbox 933 2437 986 2478; x_wconf 86' lang='lat' dir='ltr'>ad</span> <span class='ocrx_word' id='word_1_291' title='bbox 1022 2436 1171 2477; x_wconf 78' lang='lat' dir='ltr'>virium</span> <span class='ocrx_word' id='word_1_292' title='bbox 1205 2436 1463 2477; x_wconf 86' lang='lat' dir='ltr'>imbecillita-</span> 
     </span>
     <span class='ocr_line' id='line_1_37' title="bbox 111 2496 1461 2553; baseline 0.001 -17"><span class='ocrx_word' id='word_1_293' title='bbox 111 2503 194 2537; x_wconf 90' lang='lat' dir='ltr'>tem</span> <span class='ocrx_word' id='word_1_294' title='bbox 231 2496 393 2537; x_wconf 89' lang='lat' dir='ltr'>diccndi</span> <span class='ocrx_word' id='word_1_295' title='bbox 430 2497 774 2540; x_wconf 83' lang='lat' dir='ltr'>adcommodabat</span> <span class='ocrx_word' id='word_1_296' title='bbox 816 2514 963 2553; x_wconf 86' lang='lat' dir='ltr'>genus.</span> <span class='ocrx_word' id='word_1_297' title='bbox 1035 2498 1137 2538; x_wconf 90' lang='lat' dir='ltr'>nihil</span> <span class='ocrx_word' id='word_1_298' title='bbox 1173 2504 1261 2539; x_wconf 87' lang='lat' dir='ltr'>crat</span> <span class='ocrx_word' id='word_1_299' title='bbox 1295 2497 1338 2538; x_wconf 91' lang='lat' dir='ltr'>in</span> <span class='ocrx_word' id='word_1_300' title='bbox 1374 2498 1461 2539; x_wconf 91' lang='lat' dir='ltr'>eius</span> 
     </span>
     <span class='ocr_line' id='line_1_38' title="bbox 111 2558 1461 2613; baseline 0.003 -15"><span class='ocrx_word' id='word_1_301' title='bbox 111 2558 294 2600; x_wconf 85' lang='lat' dir='ltr'>oratione</span> <span class='ocrx_word' id='word_1_302' title='bbox 326 2558 404 2599; x_wconf 89' lang='lat' dir='ltr'>nisi</span> <span class='ocrx_word' id='word_1_303' title='bbox 443 2559 668 2609; x_wconf 87' lang='lat' dir='ltr'>sincerum,</span> <span class='ocrx_word' id='word_1_304' title='bbox 703 2560 805 2601; x_wconf 91' lang='lat' dir='ltr'>nihil</span> <span class='ocrx_word' id='word_1_305' title='bbox 834 2561 915 2602; x_wconf 89' lang='lat' dir='ltr'>nisi</span> <span class='ocrx_word' id='word_1_306' title='bbox 952 2560 1106 2602; x_wconf 87' lang='lat' dir='ltr'>siccum</span> <span class='ocrx_word' id='word_1_307' title='bbox 1142 2567 1264 2613; x_wconf 88' lang='lat' dir='ltr'>atque</span> <span class='ocrx_word' id='word_1_308' title='bbox 1297 2575 1461 2602; x_wconf 88' lang='lat' dir='ltr'>sanum:</span> 
     </span>
     <span class='ocr_line' id='line_1_39' title="bbox 111 2620 1461 2675; baseline 0.003 -15"><span class='ocrx_word' id='word_1_309' title='bbox 111 2620 293 2673; x_wconf 88' lang='lat' dir='ltr'>illudque</span> <span class='ocrx_word' id='word_1_310' title='bbox 314 2620 551 2670; x_wconf 82' lang='lat' dir='ltr'>maximum,</span> <span class='ocrx_word' id='word_1_311' title='bbox 568 2622 678 2675; x_wconf 89' lang='lat' dir='ltr'>quod</span> <span class='ocrx_word' id='word_1_312' title='bbox 698 2622 791 2663; x_wconf 87' lang='lat' dir='ltr'>cum</span> <span class='ocrx_word' id='word_1_313' title='bbox 806 2622 1068 2664; x_wconf 87' lang='lat' dir='ltr'>contentione</span> <span class='ocrx_word' id='word_1_314' title='bbox 1087 2622 1282 2663; x_wconf 86' lang='lat' dir='ltr'>orationis</span> <span class='ocrx_word' id='word_1_315' title='bbox 1296 2621 1461 2664; x_wconf 84' lang='lat' dir='ltr'>flectere</span> 
     </span>
     <span class='ocr_line' id='line_1_40' title="bbox 112 2682 1462 2739; baseline 0.003 -17"><span class='ocrx_word' id='word_1_316' title='bbox 112 2682 269 2723; x_wconf 86' lang='lat' dir='ltr'>animos</span> <span class='ocrx_word' id='word_1_317' title='bbox 302 2682 483 2723; x_wconf 91' lang='lat' dir='ltr'>iudicum</span> <span class='ocrx_word' id='word_1_318' title='bbox 513 2683 583 2724; x_wconf 73' lang='lat' dir='ltr'>vix</span> <span class='ocrx_word' id='word_1_319' title='bbox 612 2692 756 2739; x_wconf 90' lang='lat' dir='ltr'>posset</span> <span class='ocrx_word' id='word_1_320' title='bbox 784 2698 862 2726; x_wconf 89' lang='lat' dir='ltr'>nec</span> <span class='ocrx_word' id='word_1_321' title='bbox 892 2684 1059 2726; x_wconf 90' lang='lat' dir='ltr'>omnino</span> <span class='ocrx_word' id='word_1_322' title='bbox 1091 2699 1139 2725; x_wconf 90' lang='lat' dir='ltr'>eo</span> <span class='ocrx_word' id='word_1_323' title='bbox 1169 2699 1321 2739; x_wconf 89' lang='lat' dir='ltr'>genere</span> <span class='ocrx_word' id='word_1_324' title='bbox 1353 2684 1462 2726; x_wconf 87' lang='lat' dir='ltr'>dice-</span> 
     </span>
    </p>
   </div>
   <div class='ocr_carea' id='block_1_3' title="bbox 110 2745 1461 2846">
    <p class='ocr_par' dir='ltr' id='par_1_4' title="bbox 110 2745 1461 2846">
     <span class='ocr_line' id='line_1_41' title="bbox 110 2745 1461 2800; baseline 0.003 -17"><span class='ocrx_word' id='word_1_325' title='bbox 110 2750 190 2793; x_wconf 85' lang='lat' dir='ltr'>ret,</span> <span class='ocrx_word' id='word_1_326' title='bbox 223 2745 436 2786; x_wconf 86' lang='lat' dir='ltr'>tractando</span> <span class='ocrx_word' id='word_1_327' title='bbox 468 2752 606 2786; x_wconf 88' lang='lat' dir='ltr'>tamen</span> <span class='ocrx_word' id='word_1_328' title='bbox 641 2745 897 2800; x_wconf 86' lang='lat' dir='ltr'>impellebat,</span> <span class='ocrx_word' id='word_1_329' title='bbox 933 2753 979 2787; x_wconf 92' lang='lat' dir='ltr'>ut</span> <span class='ocrx_word' id='word_1_330' title='bbox 1008 2745 1118 2787; x_wconf 82' lang='lat' dir='ltr'>idem</span> <span class='ocrx_word' id='word_1_331' title='bbox 1148 2745 1331 2788; x_wconf 84' lang='lat' dir='ltr'>facerent</span> <span class='ocrx_word' id='word_1_332' title='bbox 1361 2761 1386 2787; x_wconf 83' lang='lat' dir='ltr'>a</span> <span class='ocrx_word' id='word_1_333' title='bbox 1417 2761 1461 2787; x_wconf 89' lang='grc'>50</span> 
     </span>
     <span class='ocr_line' id='line_1_42' title="bbox 182 2810 1234 2846; baseline 0.003 -9"><span class='ocrx_word' id='word_1_334' title='bbox 182 2810 326 2837; x_wconf 72' lang='lat' dir='ltr'>Ciceronis</span> <span class='ocrx_word' id='word_1_335' title='bbox 340 2812 392 2838; x_wconf 81' lang='lat' dir='ltr'>rol.</span> <span class='ocrx_word' id='word_1_336' title='bbox 412 2811 444 2838; x_wconf 80' lang='grc'>11,</span> <span class='ocrx_word' id='word_1_337' title='bbox 1196 2815 1234 2846; x_wconf 87' lang='grc'>16</span> 
     </span>
    </p>
   </div>
   <div class='ocr_carea' id='block_1_4' title="bbox 1482 592 1534 616">
    <p class='ocr_par' dir='ltr' id='par_1_5' title="bbox 1482 592 1534 616">
     <span class='ocr_line' id='line_1_43' title="bbox 1482 592 1534 616; baseline -0.019 0"><span class='ocrx_word' id='word_1_338' title='bbox 1482 592 1534 616; x_wconf 88' lang='grc'>200</span> 
     </span>
    </p>
   </div>
   <div class='ocr_carea' id='block_1_5' title="bbox 1484 1616 1533 1640">
    <p class='ocr_par' dir='ltr' id='par_1_6' title="bbox 1484 1616 1533 1640">
     <span class='ocr_line' id='line_1_44' title="bbox 1484 1616 1533 1640; baseline 0 0"><span class='ocrx_word' id='word_1_339' title='bbox 1484 1616 1533 1640; x_wconf 86' lang='grc'>201</span> 
     </span>
    </p>
   </div>
   <div class='ocr_carea' id='block_1_6' title="bbox 1484 2206 1534 2231">
    <p class='ocr_par' dir='ltr' id='par_1_7' title="bbox 1484 2206 1534 2231">
     <span class='ocr_line' id='line_1_45' title="bbox 1484 2206 1534 2231; baseline 0 0"><span class='ocrx_word' id='word_1_340' title='bbox 1484 2206 1534 2231; x_wconf 77' lang='grc'>202</span> 
     </span>
    </p>
   </div>
  </div>
 </body>
</html>
