1859 3069
328 391 356 413 12⁷

327 884 354 905 l:

325 2610 353 2632 12

324 2099 367 2130 313

361 885 368 905 1

363 2611 370 2632 I

391 220 474 261 370
799 227 846 260 M.
875 227 1050 262 TULLII
1078 225 1340 261 CICERONIS

392 318 477 349 tare
503 324 584 349 non
610 315 770 363 posset,
797 322 931 360 neque
958 314 1041 347 tam
1068 315 1293 356 amentem,
1318 314 1361 347 ut
1388 322 1542 362 poenas
1569 322 1615 348 ac
1641 308 1745 348 iudi-

395 371 456 411 cia
488 377 780 411 contemneret.
842 369 1137 422 consequentia
1174 377 1311 409 autem
1342 369 1470 409 diluet
1500 370 1744 424 exponendo

393 448 475 472 non
507 447 600 472 esse
637 432 708 472 illa
743 439 856 472 certa
886 432 1038 472 iudicia
1074 431 1190 479 facti,
1228 445 1333 484 quae
1371 431 1495 471 etiam
1530 432 1642 471 nullo
1674 432 1746 472 ad-

392 494 520 533 misso
557 494 755 547 consequi
792 501 982 548 possent,
1020 493 1301 546 consistetque
1336 493 1378 534 in
1415 494 1589 547 singulis
1627 502 1668 534 et
1698 508 1747 533 ea

392 563 461 595 aut
488 570 648 603 eorum,
685 570 791 608 quae
816 555 905 610 ipse
931 556 1041 596 faeta
1067 570 1159 596 esse
1191 555 1317 604 (licet,
1354 556 1521 610 propria
1557 570 1650 596 esse
1676 555 1746 596 dc-

392 617 533 657 sendet
563 617 700 672 potius
728 632 852 670 quam
883 617 1083 665 criminis,
1111 624 1198 666 aut,
1227 617 1260 657 si
1286 617 1481 657 sibicum
1507 624 1744 657 accusatore

392 678 627 719 communia
652 687 811 727 essent,
848 694 923 733 pro
947 678 1131 733 periculo
1156 678 1294 733 potius
1319 692 1443 732 quam
1469 686 1611 719 contra
1636 678 1744 719 salu—

390 749 472 780 tem
510 740 647 781 valere
691 741 860 789 debere;
912 740 1160 793 testiumque
1197 748 1238 780 et
1280 740 1569 793 quaestionum
1612 754 1744 795 genus

390 802 629 842 universum
656 809 697 843 et
721 802 858 856 quoad
882 802 1033 856 poterit
1056 802 1099 842 in
1132 802 1304 857 singulis
1331 818 1383 843 ex
1412 801 1745 857 reprehensionis

392 863 513 912 loeis,
551 863 601 904 de
634 864 784 917 quibus
812 873 906 905 ante
944 864 1100 904 dictum
1125 872 1206 913 est,
1245 864 1419 905 refellet.
1479 863 1625 904 harum
1650 878 1746 904 cau-

394 940 532 965 sarum
568 925 771 980 principia
809 926 1034 980 suspitiosa
1059 926 1111 966 ad
1137 926 1402 966 acerbitatem
1428 926 1480 966 ab
1506 933 1744 967 accusatore

391 996 615 1042 ponentur,
653 988 1044 1041 denuntiabiturque
1071 1002 1288 1029 commune
1318 988 1561 1029 insidiarum
1584 986 1744 1042 pericu-

391 1049 476 1089 lum
503 1050 873 1102 excitabunturque
912 1049 1055 1099 animi,
1093 1057 1139 1090 ut
1164 1050 1395 1099 attendant3
1434 1051 1485 1090 ab
1510 1064 1580 1090 reo
1606 1058 1744 1090 autem

391 1112 573 1164 querella
598 1112 762 1152 conflati
788 1112 968 1152 criminis
1007 1111 1367 1166 conlectarumque
1405 1111 1680 1166 suspitionum
1705 1120 1745 1152 et

391 1173 644 1214 accusatoris
670 1173 846 1215 insidiae
872 1183 912 1214 et
936 1173 1035 1214 item
1067 1188 1284 1215 commune
1309 1174 1536 1228 periculum
1561 1174 1745 1229 profere-

392 1244 456 1274 tur
499 1235 707 1288 animique
751 1236 803 1276 ad
844 1236 1169 1276 misericordiam
1218 1236 1461 1276 adlicientur
1503 1244 1543 1277 et
1584 1236 1744 1277 modice

392 1297 681 1337 benevolentia
716 1297 900 1337 iudicum
937 1297 1177 1352 conligetur.
1237 1297 1417 1338 narratio
1455 1304 1592 1338 autem
1624 1311 1743 1338 aceu-

393 1359 539 1398 satoris
585 1359 661 1399 erit
703 1359 821 1412 quasi
863 1359 1125 1400 membratim
1167 1359 1275 1413 gesti
1317 1358 1472 1413 negotii
1522 1359 1746 1414 suspitiosa

392 1420 623 1474 explicatio,
651 1421 805 1475 sparsis
834 1421 1024 1461 omnibus
1051 1420 1320 1475 argumentis,
1347 1421 1575 1462 obscuratis
1602 1421 1744 1461 defen-

393 1482 597 1531 sionibus3
624 1482 833 1524 defensori
859 1491 929 1523 aut
948 1483 1179 1538 praeteritis
1207 1491 1275 1523 aut
1296 1482 1524 1524 obscuratis
1552 1483 1744 1538 suspitio-

390 1559 489 1583 num
515 1544 787 1598 argumentis,
825 1558 962 1585 rerum
986 1545 1170 1600 ipsarum
1201 1553 1372 1586 eventus
1398 1552 1517 1586 erunt
1541 1559 1744 1598 casusque

342 1623 371 1646 2:
392 1607 596 1647 narrandi.
656 1607 698 1647 in
723 1607 1014 1648 confirmandis
1040 1614 1178 1648 autem
1202 1607 1353 1648 nostris
1380 1606 1744 1662 argumentationi-

390 1669 468 1709 bus
516 1668 854 1722 infirmandisque
908 1669 1122 1710 contrariis
1177 1684 1301 1723 saepe
1349 1676 1467 1709 erunt
1515 1669 1743 1710 accusatori

392 1737 527 1770 motus
567 1731 796 1772 animorum
832 1730 1048 1779 incitandi,
1086 1745 1156 1771 reo
1192 1730 1422 1785 mitigandi.
1482 1738 1604 1783 atque
1641 1730 1744 1770 haee

392 1792 557 1845 quidem
595 1793 758 1846 utrique
793 1792 972 1833 maxime
1008 1792 1050 1832 in
1085 1792 1344 1847 peroratione
1381 1792 1588 1833 facienda:
1627 1792 1743 1833 alteri

392 1854 722 1906 frequentatione
760 1861 1097 1909 argumentorum
1122 1861 1163 1894 et
1193 1853 1505 1894 coacervatione
1529 1854 1741 1901 universa3

392 1915 526 1963 alteri,
577 1916 611 1955 si
649 1916 770 1971 plane
813 1930 982 1956 eausam
1023 1915 1311 1970 redarguendo
1361 1915 1594 1970 explicarit,
1645 1930 1744 1957 enu-

391 1977 634 2027 meratione,
678 1986 724 2018 ut
758 1978 938 2031 quidque
983 1977 1164 2026 diluerit,
1208 1986 1248 2019 et
1284 1977 1547 2019 miseratione
1584 1978 1637 2018 ad
1672 1993 1743 2019 ex-

391 2047 579 2080 tremum.

473 2099 522 2141 C.
547 2102 595 2141 F.
624 2100 740 2142 Scire
777 2101 876 2141 mihi
914 2102 994 2142 iam
1032 2102 1173 2142 videor
1210 2115 1331 2154 quem
1364 2101 1416 2141 ad
1446 2101 1615 2141 modum
1647 2115 1743 2141 con-

358 2157 372 2169 ”
391 2162 547 2203 iectura
572 2163 784 2203 tractanda
810 2164 880 2204 sit:
917 2178 1028 2204 nune
1058 2164 1109 2203 de
1141 2163 1376 2204 definitione
1402 2163 1630 2204 audiamus.
1692 2162 1742 2204 C.

390 2224 440 2265 P.
468 2225 702 2265 communia
734 2226 883 2266 dantur
907 2226 949 2266 in
973 2226 1053 2267 isto
1079 2240 1230 2280 genere
1262 2225 1490 2266 accusatori
1516 2225 1743 2266 defensori-

393 2300 471 2339 que
519 2294 758 2342 praecepta3
815 2294 905 2328 uter
952 2288 1061 2328 enim
1109 2287 1341 2328 definiendo
1389 2287 1742 2339 describendoque

392 2348 518 2388 verbo
543 2348 677 2403 magis
704 2349 756 2389 ad
782 2364 949 2389 sensum
986 2349 1130 2389 iudicis
1168 2349 1483 2403 opinionemque
1521 2349 1745 2403 penetrarit

393 2418 433 2449 et
459 2417 548 2450 uter
574 2411 626 2450 ad
663 2425 922 2452 communem
960 2411 1074 2451 verbi
1114 2411 1193 2450 vim
1220 2419 1260 2451 et
1286 2411 1338 2451 ad
1362 2426 1452 2451 eam
1489 2411 1743 2465 praeceptio-

394 2486 505 2519 nem,
544 2486 667 2524 quam
702 2472 938 2514 inchoatam
976 2473 1187 2512 habebunt
1223 2472 1265 2512 in
1301 2472 1447 2513 animis
1480 2473 1535 2521 ei,
1574 2472 1642 2526 qui
1673 2488 1743 2513 au-

394 2531 523 2580 dient,
567 2533 700 2587 magis
739 2542 777 2574 et
814 2534 985 2589 propius
1031 2534 1270 2581 accesserit,
1314 2534 1349 2575 is
1393 2534 1529 2574 vincat
1571 2548 1742 2575 necesse

398 2601 478 2641 est3
516 2610 599 2634 non
635 2595 745 2635 enim
784 2596 1112 2650 argumentando
1150 2603 1347 2636 tractatur
1378 2596 1456 2637 hoe
1480 2610 1630 2650 genus,
1669 2595 1742 2635 sed

396 2663 604 2706 tamquam
636 2657 880 2711 explicando
911 2657 1240 2710 excutiendoque
1265 2658 1410 2706 verbo,
1447 2665 1509 2707 ut,
1548 2657 1581 2697 si
1606 2657 1646 2697 in
1671 2671 1741 2696 reo

395 2716 570 2768 pecunia
613 2718 800 2759 absoluto
848 2734 1073 2771 rursusque
1113 2727 1306 2761 revocato
1349 2719 1739 2774 praevaricationem
