1859 3069
344 173 370 216 8
744 177 796 212 M.
825 176 1003 213 TULLII
1030 172 1293 209 CICERONIS

342 263 520 305 maxime
550 260 693 303 bestiis
728 264 959 314 praestent,
995 256 1038 296 in
1069 255 1147 297 hoc
1177 255 1410 297 hominibus
1442 254 1544 310 ipsis
1575 261 1689 295 ante-

343 327 490 368 cellat?
524 332 569 365 ut
594 337 691 364 vero
721 322 804 362 iam
835 320 888 360 ad
917 319 988 359 illa
1024 333 1185 359 summa
1219 318 1452 367 veniamus,
1490 332 1595 371 quae
1625 316 1688 357 vis

344 389 424 430 alia
452 386 586 443 potuit
621 392 691 426 3111
727 383 936 437 dispersos
974 380 1162 421 homines
1198 395 1326 423 unum
1350 381 1393 421 in
1422 380 1558 421 locum
1593 394 1691 419 con-

344 465 518 507 gregare
555 455 625 488 3111
661 462 685 486 a
720 445 810 485 fera
844 443 1080 497 agrestique
1115 442 1200 483 vita
1236 443 1289 483 ad
1323 442 1431 482 hune
1466 442 1691 482 humanum

345 514 500 554 cultum
531 509 775 560 civilemque
808 506 1010 546 deducere
1042 512 1112 545 aut
1141 505 1223 545 iam
1255 504 1486 545 constitutis
1519 504 1692 544 civitati-

294 588 326 613 31
345 576 422 615 bus
458 574 572 627 leges
620 569 771 611 iudicia
811 569 901 609 iura
936 568 1193 609 describere?
1242 581 1290 607 ac
1324 582 1375 607 ne
1411 567 1547 622 plura,
1587 581 1691 620 quae
1737 579 1739 581 ·

347 644 442 678 sunt
461 649 591 690 paene
611 630 938 679 innumerabilia,
954 637 1178 679 consecter,
1200 629 1546 684 comprehendam
1558 629 1691 670 brevi:

347 698 405 739 sic
430 696 538 738 enim
558 703 706 743 statuo,
732 693 905 748 perfecti
930 692 1102 734 oratoris
1122 691 1403 733 moderatione
1429 699 1469 732 et
1495 690 1696 746 sapientia

346 776 429 802 non
467 758 601 800 solum
637 756 767 812 ipsius
807 755 1067 810 dignitatem,
1106 755 1180 795 sed
1209 761 1250 795 et
1279 754 1533 809 privatorum
1568 752 1695 809 pluri-

347 837 508 863 morum
539 828 580 862 et
609 819 828 860 universae
858 817 918 858 rei
946 817 1136 872 publicae
1173 817 1348 858 salutem
1383 816 1562 856 maxime
1599 830 1696 857 con-

346 884 477 925 tineri.
538 897 662 936 quam
698 881 751 922 ob
785 895 873 921 rem
908 879 1086 935 pergite,
1122 886 1169 919 ut
1203 878 1357 927 facitis,
1396 879 1694 927 adulescenteS,

347 955 469 1000 atque
494 945 537 986 in
560 945 603 985 id
629 943 829 991 studium,
855 941 897 982 in
924 957 1003 995 quo
1029 941 1147 990 estis,
1173 941 1415 989 incumbite,
1440 949 1486 981 ut
1510 949 1552 981 01
1575 940 1693 981 vobis

346 1008 492 1050 honori
517 1014 557 1048 01
582 1006 723 1047 amicis
748 1004 914 1045 utilitati
938 1012 979 1045 et
1001 1003 1061 1044 rei
1084 1003 1274 1059 publicae
1301 1002 1577 1044 emolumento
1604 1016 1697 1042 esse

302 1070 325 1121 Q
347 1068 541 1126 possitis.'
597 1076 685 1108 tum
712 1065 915 1107 Scaevola
939 1066 1125 1114 comiter,
1152 1072 1197 1105 ut
1223 1064 1399 1111 solebat,
1439 1063 1610 1104 ‘cetera'
1635 1063 1698 1104 in-

297 1117 329 1141 30
350 1132 436 1187 quit
472 1130 701 1172 ‘adsentior
734 1128 910 1177 Crasse,
947 1143 998 1168 ne
1031 1136 1101 1168 aut
1132 1127 1182 1167 (10
1215 1126 1263 1167 C.
1290 1126 1426 1167 Laelii
1457 1125 1587 1166 soceri
1616 1125 1697 1166 mei

351 1202 420 1236 aut
446 1195 495 1234 de
527 1193 648 1234 huius
686 1190 827 1247 generi
864 1197 934 1230 3111
970 1197 1055 1230 arte
1087 1198 1157 1230 aut
1186 1189 1318 1243 gloria
1354 1189 1585 1237 (letrabam3
1625 1187 1699 1228 sed

349 1257 419 1298 illa
445 1257 543 1305 duo,
571 1254 744 1303 Crasse,
769 1267 913 1293 vereor
937 1259 983 1292 ut
1008 1252 1080 1292 tibi
1105 1251 1262 1306 possim
1287 1251 1530 1292 concedere:
1555 1265 1696 1298 unum,

351 1319 462 1372 quod
487 1318 537 1358 ab
563 1316 792 1358 oratoribus
818 1314 1004 1355 civitates
1031 1322 1072 1354 et
1094 1314 1208 1354 initio
1241 1313 1483 1354 constitutas
1510 1320 1548 1353 et
1575 1327 1698 1367 saepe

352 1387 616 1422 conservatas
643 1394 735 1419 esse
762 1376 914 1425 dixisti,
941 1376 1126 1424 alterum,
1159 1375 1270 1428 quod
1289 1382 1447 1415 remoto
1473 1375 1575 1422 foro,
1603 1388 1700 1414 eon-

351 1444 480 1491 tione‚
511 1441 692 1489 iudiciis,
731 1445 878 1481 senatu
910 1438 1088 1479 statuisti
1118 1445 1322 1478 oratorem
1345 1437 1387 1476 in
1413 1434 1523 1476 om'ni
1548 1450 1699 1489 genere

301 1524 335 1548 36
355 1503 554 1546 sermonis
580 1511 620 1544 et
644 1502 912 1544 humanitatis
950 1516 1041 1542 esse
1073 1499 1315 1555 perfectum.
1376 1498 1466 1551 quis
1493 1498 1602 1538 enim
1628 1497 1701 1537 tibi

352 1568 430 1609 hoc
466 1565 717 1607 concesserit
753 1573 824 1606 aut
858 1564 973 1605 initio
1010 1577 1141 1617 genus
1178 1561 1390 1602 hominum
1420 1561 1461 1601 in
1492 1560 1699 1600 montibus

353 1644 401 1671 ac
427 1628 540 1669 silvis
567 1627 812 1682 dissipatum
836 1642 919 1668 non
943 1624 1207 1680 prudentium
1233 1623 1414 1664 consiliis
1441 1622 1700 1676 compulsum

351 1690 488 1747 potius
532 1705 656 1743 quam
697 1689 943 1730 disertorum
978 1687 1160 1728 oratione
1199 1685 1421 1726 delenitum
1459 1699 1502 1724 se
1538 1683 1700 1738 oppidis

353 1752 653 1805 moenibusque
692 1751 924 1806 saepsisse?
960 1757 1030 1790 aut
1061 1763 1158 1789 vero
1194 1748 1372 1801 reliquas
1409 1746 1604 1786 utilitates
1631 1753 1702 1786 aut

354 1816 396 1856 in
434 1813 730 1855 constituendis
774 1820 843 1853 aut
877 1813 919 1853 in
956 1810 1250 1852 conservandis
1289 1808 1522 1848 civitatibus
1558 1822 1642 1847 non
1679 1822 1703 1847 a

357 1876 610 1932 sapientibus
648 1883 689 1916 et
724 1875 899 1917 fortibus
941 1873 1059 1922 viris,
1103 1872 1176 1913 sed
1213 1887 1236 1912 a
1272 1871 1434 1911 disertis
1479 1878 1702 1922 ornateque

305 1956 336 1981 37
357 1938 587 1990 dicentibus
625 1953 717 1978 esse
755 1937 1025 1978 constitutas?
1067 1950 1119 1975 an
1155 1949 1251 1974 vero
1288 1932 1361 1973 tibi
1395 1932 1598 1973 Romulus
1635 1931 1702 1971 ille

358 2008 428 2042 aut
468 2007 656 2055 pastores
694 2006 734 2040 et
776 2014 982 2040 convenas
1028 2010 1306 2051 congregasse
1348 2002 1417 2034 aut
1455 1992 1703 2033 Sabinorum

358 2062 535 2104 conubia
559 2061 823 2103 coniunxisse
849 2068 919 2101 aut.
942 2059 1207 2100 finitimorum
1233 2058 1316 2097 vim
1346 2056 1594 2111 repressisse
1620 2055 1704 2096 010-

358 2124 525 2178 quentia
549 2123 722 2172 videtur,
748 2139 831 2164 non
851 2122 1020 2163 consilio
1046 2128 1086 2161 et
1113 2119 1314 2175 sapientia
1335 2117 1556 2172 singulari?
1581 2117 1703 2170 quid?

358 2186 401 2227 in
435 2187 572 2227 Numa
606 2185 833 2240 Pompilio3
878 2184 999 2237 quid?
1040 2183 1083 2223 in
1122 2182 1267 2223 Servio
1304 2181 1460 2229 Tullio,
1504 2179 1626 2233 quid?
1662 2179 1704 2219 in

360 2248 505 2289 ceteris
530 2247 712 2301 regibus,
739 2262 912 2300 quorum
937 2245 1066 2286 multa
1087 2252 1182 2285 sunt.
1201 2243 1351 2285 eximia
1376 2243 1428 2283 ad
1453 2241 1704 2282 constituen-

362 2310 456 2350 dam
479 2325 566 2350 rem
590 2309 815 2364 publicam,
852 2324 951 2349 num
977 2307 1233 2360 eloquentiae
1265 2304 1485 2359 vestigium
1511 2303 1704 2357 apparet?

363 2372 482 2424 quid?
519 2371 673 2412 exactis
698 2371 885 2426 regibus,
922 2370 1085 2411 tametsi
1110 2369 1244 2424 ipsam
1274 2366 1528 2408 exactionem
1553 2372 1702 2413 mente,

362 2448 444 2473 11011
469 2434 610 2487 lingua
632 2433 858 2488 perfectam
883 2434 937 2474 L.
963 2431 1083 2473 Bruti
1109 2446 1200 2472 esse
1232 2429 1454 2475 cernimus,
1492 2427 1565 2467 sed
1591 2427 1704 2467 dein-

364 2508 460 2548 ceps
497 2496 634 2536 omuia
669 2512 803 2537 11011110
839 2496 962 2550 plena
987 2493 1270 2541 consiliorum,
1312 2490 1449 2531 inania
1485 2489 1704 2529 verborum

314 2568 347 2593 38
365 2555 575 2596 videmus?
606 2573 682 2610 ego
708 2572 805 2598 vero
831 2557 864 2597 si
896 2556 1018 2597 velim
1043 2563 1084 2596 et.
1107 2562 1272 2595 nostrae
1302 2551 1476 2592 civitatis
1503 2550 1702 2604 exemplis

364 2617 424 2657 uti
454 2625 493 2657 01
524 2618 712 2667 aliarum,
750 2619 868 2673 plura
903 2618 1086 2672 proferre
1116 2616 1274 2672 possim
1304 2613 1546 2654 detrimenta
1570 2611 1703 2666 publi-

367 2679 425 2720 cis
449 2680 590 2728 rebus,
628 2695 751 2733 quam
775 2680 1011 2720 adiumenta
1033 2694 1107 2734 per
1132 2678 1318 2720 homines
1345 2674 1702 2729 eloquentissimos
