1859 3069
482 234 549 268 DE
576 232 815 269 ORATORE
840 233 891 269 II.
920 232 1076 268 68-ῖὸ.
1406 223 1458 263 75

105 315 307 365 termittis,
332 314 634 368 relinquantur3
661 331 744 357 non
769 315 878 356 enim
896 314 997 355 mihi
1021 313 1157 354 minus
1183 312 1320 368 operis
1348 312 1460 353 vide-

104 388 168 419 tur
205 378 255 419 de
291 377 496 418 universis
534 377 757 431 generibus
795 392 934 418 rerum
965 391 1087 430 quam
1118 376 1169 416 de
1201 375 1458 430 singulorum

103 440 240 482 causis
267 454 315 481 ac
339 440 468 481 multo
502 440 626 480 etiam
650 439 783 480 maius
810 439 860 480 de
891 446 1039 479 natura
1063 438 1232 479 deorum
1258 452 1382 491 quam
1408 437 1458 478 dc

102 502 316 545 hominum
346 502 485 543 litibus
524 502 685 543 dicere?
747 505 848 542 ‘non
874 509 937 542 est
966 500 1056 550 ita,'
1092 500 1225 554 inquit
1247 500 1458 541 Antonius

105 566 259 606 ‘dicam
284 565 394 606 enim
419 564 505 614 tibi,
534 563 696 614 Catule,
723 580 806 605 non
831 571 915 604 tam
942 563 1086 604 doctus
1114 577 1254 617 quam,
1281 562 1324 602 id
1349 562 1459 615 quod

106 635 170 669 est
204 627 358 677 maius,
403 634 618 682 expertus:
659 626 843 668 omnium
879 633 1107 666 ceterarum
1142 640 1279 665 rerum
1315 624 1458 673 oratio,

104 690 205 731 mihi
237 690 377 739 crede,
414 689 537 730 ludus
571 696 635 730 est
666 688 823 729 homini
853 703 936 729 non
974 687 1111 728 hebeti
1135 701 1269 739 neque
1299 686 1461 727 inexer-

106 753 230 794 citato
255 766 389 805 neque
416 751 697 792 communium
728 749 957 791 litterarum
983 756 1023 790 et
1047 748 1247 803 politioris
1273 748 1461 788 humani-

106 814 199 855 tatis
235 813 411 868 experti3
456 813 498 853 in
535 827 752 853 causarum
790 811 1122 852 contentionibus
1163 825 1362 865 magnum
1399 818 1462 850 est

105 876 314 929 quoddam
340 890 445 929 opus
472 882 593 927 atque
620 874 733 914 haud
752 873 881 914 sciam
906 889 959 914 an
983 873 1034 914 de
1054 872 1244 913 humanis
1266 871 1459 926 operibus

104 938 227 991 longe
263 937 509 986 maximum3
553 936 595 976 in
633 936 782 989 quibus
819 936 881 976 vis
920 935 1092 977 oratoris
1130 935 1372 990 plerumque
1408 935 1461 974 ab

103 999 303 1054 imperitis
342 999 454 1040 exitu
480 1006 521 1040 et
556 998 728 1039 victoria
763 998 984 1046 iudicatum
1022 997 1093 1037 ubi
1129 997 1245 1038 adest
1278 1004 1459 1037 armatus

105 1061 379 1110 adversarius,
407 1061 476 1114 qui
502 1061 554 1102 sit
579 1068 620 1101 et
644 1060 854 1101 feriendus
875 1068 915 1101 et
931 1060 1212 1114 repellendus3
1239 1059 1309 1099 ubi
1336 1074 1460 1113 saepe

104 1124 162 1171 is,
199 1124 269 1177 qui
293 1124 353 1164 rei
378 1123 568 1165 dominus
595 1123 758 1163 futurus
785 1129 866 1170 est,
904 1122 1062 1162 alienus
1089 1130 1210 1174 atque
1235 1121 1362 1161 iratus
1390 1129 1461 1162 aut

105 1186 229 1226 etiam
266 1185 422 1227 amicus
460 1185 697 1226 adversario
729 1192 768 1225 et
804 1184 993 1225 inimicus
1031 1183 1105 1223 tibi
1141 1192 1223 1232 est3
1261 1198 1354 1223 eum
1390 1190 1461 1223 aut

106 1248 316 1289 docendus
342 1248 377 1288 is
404 1255 468 1289 est
492 1256 563 1288 aut
594 1247 859 1288 dedocendus
893 1254 960 1286 aut
987 1245 1273 1300 reprimendus
1305 1253 1374 1285 aut
1399 1245 1460 1285 in-

106 1309 293 1350 citandus
321 1320 390 1350 aut
415 1310 527 1351 omni
545 1310 703 1350 ratione
731 1310 783 1349 ad
808 1318 984 1363 tempus,
1012 1308 1064 1348 ad
1089 1322 1256 1348 causam
1276 1307 1459 1348 oratione

104 1372 381 1413 moderandus
391 1389 401 1421 3
427 1373 470 1413 in
495 1388 575 1425 quo
603 1387 726 1426 ‚saepe
746 1371 1037 1413 benevolentia
1063 1371 1115 1411 ad
1140 1371 1292 1419 odium,
1319 1371 1458 1411 odium

106 1441 243 1474 autem
270 1434 322 1474 ad
347 1434 678 1475 benevolentiam
715 1434 1004 1474 deducendum
1030 1440 1110 1482 est3
1149 1440 1219 1472 aut.
1249 1440 1458 1485 tamquam

105 1495 410 1537 machinatione
444 1496 582 1549 aliqua
612 1504 700 1537 tum
732 1496 785 1536 ad
822 1495 1083 1536 severitatem
1116 1502 1203 1534 tum
1233 1495 1286 1535 ad
1314 1494 1459 1535 remis-

107 1558 265 1599 sionem
302 1558 447 1607 animi,
491 1566 577 1599 tum
615 1559 667 1598 ad
704 1558 912 1598 tristitiam
948 1566 1036 1598 tum
1073 1557 1125 1597 ad
1161 1556 1359 1597 laetitiam
1395 1565 1458 1597 est

106 1620 459 1672 contorquendus3
493 1620 676 1661 omnium
704 1620 1001 1660 sententiarum
1025 1618 1246 1673 gravitate,
1273 1618 1457 1659 omnium

106 1682 325 1722 verborum
350 1682 601 1736 ponderibus
628 1691 692 1722 est
714 1682 933 1730 utendum3
973 1681 1142 1721 accedat
1167 1688 1328 1735 oportet
1352 1681 1458 1721 actio

106 1744 237 1792 varia,
269 1744 514 1793 vehemens,
541 1745 663 1799 plena
690 1744 833 1793 animi,
872 1744 993 1799 plena
1021 1742 1207 1797 spiritus,
1238 1743 1361 1796 plena
1387 1743 1459 1783 do-

105 1806 222 1855 loris,
265 1806 389 1861 plena
430 1806 628 1847 veritatis.
700 1807 743 1846 in
785 1806 848 1846 his
891 1805 1085 1860 operibus
1128 1805 1163 1845 si
1211 1805 1302 1858 quis
1346 1805 1458 1845 illam

107 1876 236 1909 artem
280 1869 656 1923 comprehenderit,
699 1876 745 1909 ut
786 1876 997 1921 tamquam
1031 1867 1204 1908 Phidias
1240 1866 1458 1908 Minervae

108 1931 272 1985 signum
309 1932 474 1972 efficere
510 1931 662 1986 possit,
699 1946 783 1972 non
820 1946 938 1979 sane,
976 1945 1099 1983 quem
1129 1929 1182 1969 ad
1217 1930 1386 1970 modum
1417 1929 1459 1969 in

107 1993 237 2047 clipeo
265 1992 393 2047 [idem
419 1993 584 2048 artifex]
618 1994 778 2034 minora
807 1993 877 2033 illa
902 2008 1027 2047 opera
1052 1992 1188 2033 facere
1214 1991 1363 2040 discat,
1400 1991 1459 2031 la—

108 2054 293 2095 boi-abit?
356 2063 443 2095 tum
469 2054 644 2096 Catulus
685 2059 784 2108 ‘quo
820 2055 901 2095 ista
936 2053 1092 2095 maiora
1128 2067 1175 2094 ac
1210 2053 1460 2094 mirabiliora

108 2116 255 2165 fecisti,
283 2131 331 2158 eo
356 2131 422 2158 me
445 2117 576 2158 maior
601 2117 856 2172 exspectatio
883 2124 995 2157 tenet
1020 2115 1268 2169 quibusnam
1292 2115 1460 2155 rationi-

110 2178 184 2217 bus
223 2178 454 2231 quibusque
491 2179 722 2234 praeceptis
749 2194 798 2220 ea
822 2187 936 2219 tanta
968 2178 1028 2219 vis
1061 2183 1339 2232 comparetur3
1376 2192 1459 2218 non

109 2254 188 2292 quo
214 2254 306 2280 mea
331 2241 496 2294 quidem
521 2241 604 2281 iam
627 2241 1002 2293 intersit—neque
1029 2240 1137 2280 enim
1163 2246 1275 2279 aetas
1301 2239 1342 2278 id
1367 2254 1460 2280 mea

109 2302 316 2342 desiderat
346 2310 387 2343 et
411 2302 523 2342 aliud
547 2317 679 2357 genus
706 2303 914 2355 quoddam
945 2302 1108 2342 dicendi
1132 2316 1208 2342 nos
1235 2301 1365 2342 secuti
1390 2316 1458 2342 su-

109 2379 219 2411 mus,
259 2363 327 2417 qui
358 2379 583 2417 numquam
613 2365 838 2405 sententias
876 2365 926 2405 de
962 2363 1154 2404 manibus
1191 2362 1373 2403 iudicum
1417 2363 1457 2404 vi

109 2426 288 2479 quadam
324 2426 520 2467 orationis
558 2426 806 2477 extorsimus
845 2440 892 2466 ac
928 2426 1064 2481 potius
1105 2425 1278 2480 placatis
1316 2440 1458 2466 eorum

110 2488 256 2528 animis
300 2495 479 2537 tantum,
529 2496 726 2542 quantum
769 2488 848 2543 ipsi
896 2488 1175 2543 patiebantur,
1224 2488 1456 2543 accepimus

108 2575 162 2579 —
188 2551 261 2591 sed
292 2558 430 2591 tamen
464 2551 544 2591 ista
580 2558 651 2591 tua
679 2551 838 2591 nullum
869 2551 922 2591 ad
952 2565 1074 2590 usum
1104 2565 1260 2599 meum,
1299 2557 1458 2590 tantum

109 2613 387 2667 cognoscendi
414 2613 550 2654 studio
582 2613 783 2653 adductus
815 2612 997 2665 requir03
1035 2626 1112 2653 nec
1136 2612 1236 2652 mihi
1266 2627 1369 2667 opus
1395 2620 1458 2654 est

110 2674 272 2715 Graeco
310 2674 445 2728 aliquo
484 2675 669 2723 doctore,
714 2675 782 2728 qui
818 2675 919 2715 mihi
954 2674 1196 2729 pervolgata
1237 2682 1458 2729 praecepta

109 2737 316 2786 decantet,
354 2752 447 2778 cum
484 2738 572 2792 ipse
609 2753 830 2791 numquam
870 2737 1023 2787 forum,
1067 2752 1291 2790 numquam
1328 2736 1455 2777 ullum

1486 2049 1527 2082 18

1488 2629 1519 2653 75
