1859 3069
527 184 594 218 DE
621 183 861 219 ORATOR-E
886 184 954 219 111.
980 184 1179 218 loa—171.
1452 176 1529 217 181

178 283 229 309 ex
255 282 336 321 quo
362 281 514 321 genere
539 266 642 307 hacc
669 273 782 315 sunt,
807 266 990 307 Martem
1015 265 1111 307 belli
1137 280 1229 306 esse
1255 279 1529 313 communem,

178 329 375 371 Cererem
394 345 469 384 pro
489 329 691 383 frugibus,
706 329 909 370 Liberum
929 328 1136 383 appellare
1156 343 1231 383 pro
1251 328 1360 377 vino,
1375 328 1532 382 septu-

178 407 276 432 num
299 406 375 446 pro
400 391 522 441 mari,
549 391 704 431 curiam
728 405 802 445 pro
829 398 993 440 senatu,
1026 404 1216 445 campum
1242 405 1315 445 pro
1342 390 1531 437 comitiis,

177 462 317 509 togam
341 469 415 509 pro
441 468 562 508 pace,
590 469 704 493 arma
729 467 776 493 ac
801 453 884 494 tela
906 468 980 507 pro
1006 453 1134 501 bello,
1162 467 1242 505 quo
1268 452 1367 493 item
1390 452 1433 492 in
1457 467 1530 506 ge-

176 532 273 558 nere
304 525 345 557 ct
382 516 554 557 virtutes
587 524 628 557 et
657 515 757 556 vitia
786 531 861 570 pro
892 515 1013 570 ipsis,
1050 515 1093 556 in
1129 515 1279 568 quibus
1315 515 1386 555 illa
1423 523 1531 563 sunt,

177 578 436 634 appellantur
467 578 668 619 ‘luxuries
700 592 825 631 quam
859 577 902 617 in
932 577 1101 618 domum
1130 577 1314 631 inrupit‚’
1353 584 1395 618 et
1431 580 1532 630 ‘quo

178 640 352 682 avaritia
381 640 650 695 penetravit3’
688 647 759 680 aut
796 639 916 680 ‘fides
953 639 1099 688 valuit,
1136 639 1292 680 iustitia
1328 639 1530 680 confecit]

177 702 324 743 videtis
355 702 542 757 profecto
580 716 712 756 genus
745 701 823 742 hoc
859 709 1009 750 totum,
1048 716 1142 741 eum
1173 701 1324 742 inflexo
1350 715 1534 742 commu-

176 772 344 818 tatoque
383 765 510 805 verbo
547 779 614 804 res
652 763 797 803 eadem
829 763 1066 804 enuntiatur
1101 764 1303 813 ornatius3
1341 764 1406 804 cui
1438 772 1534 804 suntv

176 827 347 867 finitima
371 826 441 866 illa
464 826 600 865 minus
621 832 777 873 ornata,
804 825 879 864 scd
904 832 1041 865 tamen
1067 840 1151 866 non
1171 825 1412 879 ignoranda,
1439 840 1533 866 cum

175 889 357 943 intellegi
382 889 572 929 volumus
599 888 754 941 aliquid
780 896 850 928 aut
874 903 925 928 ex
949 895 1066 942 parte
1088 896 1231 938 totum,
1257 897 1300 929 ut
1326 903 1401 944 pro
1422 890 1533 930 aedi—

174 951 276 991 ficiis
303 965 396 991 cum
421 950 599 1004 parietes
626 957 697 990 aut
722 957 830 990 tecta
854 950 1028 990 dicimus
1038 966 1048 998 ;
1076 958 1144 990 aut
1171 965 1222 990 ex
1248 958 1334 991 toto
1359 958 1531 1004 partem,

173 1020 217 1052 ut
242 1026 336 1052 cum
360 1027 485 1052 unam
511 1019 689 1052 turmam
714 1011 942 1065 equitatum
967 1012 1111 1067 populi
1130 1012 1310 1052 Romani
1337 1013 1530 1059 dicimus;

176 1081 245 1114 aut
271 1089 322 1114 ex
348 1088 430 1114 uno
454 1073 604 1128 pluris:

287 1144 329 1176 at
352 1136 568 1177 Romanus
594 1135 739 1185 homo,
765 1135 986 1177 tamenetsi
1009 1150 1075 1177 res
1102 1136 1207 1177 bene
1233 1143 1354 1191 gesta
1377 1143 1441 1177 est

286 1197 410 1239 corde
436 1213 511 1239 suo
542 1198 740 1252 trepidat,

174 1268 242 1301 aut
269 1274 362 1300 cum
388 1275 440 1301 ex
463 1260 653 1315 pluribus
679 1260 933 1315 intellegitur
957 1275 1107 1302 unum:

285 1337 360 1363 nos
388 1322 520 1362 sumu'
546 1322 744 1372 Romani,
770 1322 840 1375 qui
864 1322 1046 1363 fuvimus
1074 1330 1167 1363 ante
1192 1322 1362 1364 Rudini.

174 1394 245 1425 aut
269 1399 528 1437 quocumque
565 1385 708 1434 modo,
746 1399 831 1425 non
854 1392 899 1424 ut
931 1385 1086 1425 dietum
1118 1392 1201 1434 est,
1238 1385 1280 1424 in
1306 1400 1354 1425 co
1380 1399 1533 1439 genere

173 1447 445 1502 intellegitur,
483 1447 557 1487 sed
586 1454 632 1487 ut
669 1461 839 1487 sensum
865 1453 940 1488 est.
1001 1446 1209 1487 abutimur
1247 1462 1371 1501 saepe
1408 1446 1532 1487 etiam

174 1504 300 1544 verbo
345 1518 428 1544 non
464 1510 549 1543 tam
591 1503 803 1558 eleganter
851 1517 974 1556 quam
1016 1503 1059 1543 in
1101 1503 1408 1552 transferendo,
1458 1503 1533 1544 sed

173 1565 335 1605 etiamsi
359 1565 569 1614 licentius,
608 1572 746 1605 tamen
781 1562 1023 1619 [interdum]
1058 1580 1141 1605 non
1171 1565 1451 1620 impudentem
1488 1572 1535 1604 ut

174 1641 267 1667 cum
305 1627 507 1682 grandem
543 1627 772 1668 orationem
802 1642 882 1682 pro
919 1627 1064 1681 longa,
1108 1626 1312 1667 minutum
1349 1626 1531 1667 animum

173 1704 247 1743 pro
272 1704 401 1743 parvo
427 1689 615 1730 dicimus.
676 1704 820 1730 verum
844 1688 916 1729 illa
939 1689 1144 1730 videtisne
1175 1703 1268 1729 esse
1293 1704 1377 1730 non
1401 1689 1531 1737 verbi,

174 1750 248 1791 sed
272 1750 490 1800 orationis,
518 1766 624 1804 quae
650 1766 703 1791 ex
726 1751 933 1806 pluribus,
959 1758 1006 1791 ut
1030 1750 1222 1806 exposui,
1255 1750 1534 1791 translationi—

173 1812 250 1852 bus
273 1826 431 1853 conexa
451 1813 571 1853 sunt?
597 1812 700 1853 haec
720 1819 870 1862 autem,
892 1827 997 1866 quae
1017 1819 1088 1853 aut
1106 1812 1322 1853 immutata
1336 1827 1429 1853 esse
1449 1812 1533 1852 dixi

175 1882 244 1914 aut
269 1874 385 1914 aliter
414 1874 696 1929 intellegenda
728 1889 775 1915 ac
801 1875 1051 1924 dicerentur,
1090 1882 1185 1915 sunt
1209 1874 1409 1914 translata
1433 1888 1534 1927 quo-

175 1936 271 1976 dam
295 1936 437 1984 modo3
464 1937 522 1977 ita
546 1937 610 1986 fit,
635 1944 681 1977 ut
706 1937 839 1978 omnis
866 1937 1126 1992 singulorum
1152 1937 1373 1978 verborum
1402 1936 1532 1977 virtus

176 2005 298 2050 atque
324 1998 413 2037 laus
440 1999 570 2039 tribus
597 1999 771 2040 exsistat
795 2013 848 2040 ex
871 2000 1021 2040 rebus:
1051 1999 1086 2040 si
1111 2006 1182 2040 aut
1206 2006 1418 2040 vetustum
1442 2013 1535 2040 ver-

176 2060 275 2099 bum
301 2059 365 2108 sit,
393 2060 503 2112 quod
530 2068 669 2101 tamen
689 2062 946 2102 consuetudo
977 2061 1084 2102 ferre
1109 2060 1261 2116 possit,
1289 2068 1359 2101 aut
1378 2061 1534 2101 factum

177 2120 241 2161 vel
278 2121 564 2163 coniunctione
602 2123 668 2163 vel
704 2123 910 2172 novitate,
949 2123 992 2164 in
1029 2138 1110 2177 quo
1141 2123 1241 2163 item
1277 2130 1341 2164 est
1365 2123 1532 2164 auribus

177 2183 547 2237 consuetudinique
567 2186 841 2239 parcendum3
864 2193 935 2226 aut
957 2186 1214 2234 translatum,
1230 2186 1341 2239 quod
1353 2186 1533 2227 maxime

177 2253 387 2298 tamquam
414 2246 542 2286 stellis
570 2247 819 2299 quibusdam
844 2254 960 2288 notat
985 2256 1026 2288 et
1049 2247 1267 2288 inluminat
1291 2248 1532 2290 orationem.

257 2302 453 2355 Sequitur
475 2303 727 2344 continuatio
746 2305 980 2353 verborum,
1002 2318 1108 2357 quae
1129 2304 1232 2344 duas
1252 2319 1318 2345 res
1338 2304 1530 2354 maxime,

178 2364 505 2405 conlocationem
529 2365 721 2420 primum,
748 2366 896 2407 deinde
922 2367 1092 2407 modum
1113 2367 1319 2420 quendam
1337 2366 1534 2408 formam-

177 2441 256 2480 que
295 2427 516 2468 desiderat.
582 2428 878 2469 conlocationis
917 2436 981 2469 est
1017 2443 1265 2484 componere
1300 2436 1342 2470 et
1377 2437 1533 2471 struere

179 2490 306 2530 verba
332 2488 411 2538 sie,
448 2497 493 2529 ut
517 2504 622 2531 neve
648 2505 770 2545 asper
800 2506 943 2532 eorum
978 2505 1204 2532 concursus
1236 2506 1342 2533 neve
1372 2491 1532 2533 hiulcus

179 2550 248 2598 sit,
290 2551 366 2591 sed
403 2551 584 2604 quodam
620 2552 744 2593 modo
782 2560 1094 2607 coagl’nentatus
1133 2560 1173 2594 et
1208 2553 1331 2602 levis3
1373 2553 1416 2594 in
1451 2568 1532 2607 quo

180 2610 354 2669 [lepide]
385 2614 517 2655 soceri
542 2614 622 2654 mei
647 2629 827 2668 persona
850 2615 948 2655 lusit
972 2614 1026 2664 is,
1059 2615 1129 2668 qui
1159 2615 1465 2670 elegantissime
1490 2615 1532 2658 id

179 2675 315 2716 facere
341 2675 476 2730 potuit
503 2675 753 2732 [Lucilius]:

1558 468 1606 493 1038

1557 1446 1601 1478 43

1558 1494 1606 1517 169

1560 1959 1608 1983 170

1558 2328 1605 2352 171
